%%%%%%%%%%%%%%%%%%%%%%%%%%%%%%%%%%%%%%%%%%%%%%%%%%%%%%%%%%%%%%%%%%%%%%%%%%%%%%%%%%%%%%%%%%%%%%%%%%%%%%%%%%%%%%%%%%%%%%%

%%% Previous common abbreviations

%@STRING(BMVC = "British Machine Vision Conference (BMVC)")
%@STRING(CVPR = "Computer Vision and Pattern Recognition (CVPR)")
%@STRING(ECCV = "European Conference on Computer Vision (ECCV)")
%@STRING(GCPR = "German Conference on Pattern Recognition (GCPR)")
%@STRING(ICCV = "International Conference on Computer Vision (ICCV)")
%@STRING(ICML = "International Conference on Machine Learning (ICML)")
%@STRING(NIPS = "Neural Information Processing Systems (NIPS)")
%@STRING(IJRR = "International Journal of Robotics Research (IJRR)")
%@STRING(ICRA = "International Conference on Robotics and Automation (ICRA)")
%@STRING(IROS = "Intelligent Robots and Systems (IROS)")
%@STRING(ICLR = "International Conference on Learning Representations (ICLR)")
%@STRING(RSS = "Robotics: Science and Systems (RSS)")
%@STRING(CoRL = "Conference on Robot Learning (CoRL)")
%@STRING(ISER = "International Symposium on Experimental Robotics (ISER)")

@STRING(BMVC = "BMVC")
@STRING(CVPR = "CVPR")
@STRING(ECCV = "ECCV")
@STRING(GCPR = "GCPR")
@STRING(ICCV = "ICCV")
@STRING(ICML = "ICML")
@STRING(NIPS = "NIPS")
@STRING(IJRR = "IJRR")
@STRING(ICRA = "ICRA")
@STRING(IROS = "IROS")
@STRING(ICLR = "ICLR")
@STRING(RSS = "RSS")
@STRING(CoRL = "CoRL")
@STRING(ISER = "ISER")

%%%%%%%%%%%%%%%%%%%%%%%%%%%%%%%%%%%%%%%%%%%%%%%%%%%%%%%%%%%%%%%%%%%%%%%%%%%%%%%%%%%%%%%%%%%%%%%%%%%%%%%%%%%%%%%%%%%%%%%
@InProceedings{pmlr-v87-kaufmann18a,
  title = 	 {Deep Drone Racing: Learning Agile Flight in Dynamic Environments},
  author = 	 {Kaufmann, Elia and Loquercio, Antonio and Ranftl, Rene and Dosovitskiy, Alexey and Koltun, Vladlen and Scaramuzza, Davide},
  booktitle = 	 {Proceedings of The 2nd Conference on Robot Learning},
  pages = 	 {133--145},
  year = 	 {2018},
  editor = 	 {Billard, Aude and Dragan, Anca and Peters, Jan and Morimoto, Jun},
  volume = 	 {87},
  series = 	 {Proceedings of Machine Learning Research},
  address = 	 {},
  month = 	 {29--31 Oct},
  publisher = 	 {PMLR},
  pdf = 	 {http://proceedings.mlr.press/v87/kaufmann18a/kaufmann18a.pdf},
  url = 	 {http://proceedings.mlr.press/v87/kaufmann18a.html}
}
@inproceedings{TeachingUAVstoRace,
   author = {{M{\"u}ller}, M. and {Casser}, V. and {Smith}, N. and {Michels}, D.~L. and 
	{Ghanem}, B.},
    title = "{Teaching UAVs to Race: End-to-End Regression of Agile Controls in Simulation}",
  booktitle = {European Conference on Computer Vision Workshop (ECCVW)},
 keywords = {Computer Science - Computer Vision and Pattern Recognition},
     year = 2018,
    month = sep,
}


@article{sim4cv,
 author = {M\"{u}ller, Matthias and Casser, Vincent and Lahoud, Jean and Smith, Neil and Ghanem, Bernard},
 title = {Sim4CV: A Photo-Realistic Simulator for Computer Vision Applications},
 journal = {Int. J. Comput. Vision},
 issue_date = {September 2018},
 volume = {126},
 number = {9},
 month = sep,
 year = {2018},
 issn = {0920-5691},
 pages = {902--919},
 numpages = {18},
 url = {https://doi.org/10.1007/s11263-018-1073-7},
 doi = {10.1007/s11263-018-1073-7},
 acmid = {3270404},
 publisher = {Kluwer Academic Publishers},
 address = {Norwell, MA, USA},
 keywords = {Autonomous driving, Deep learning, Imitation learning, Object tracking, Simulator, Unreal Engine 4},
} 

%%%Self-Driving
@article{Urmson2008,
  author    = {Chris Urmson and
               Joshua Anhalt and
               Drew Bagnell and
               Christopher R. Baker and
               Robert Bittner and
               M. N. Clark and
               John M. Dolan and
               Dave Duggins and
               Tugrul Galatali and
               Christopher Geyer and
               others},
  title     = {Autonomous driving in urban environments: {Boss} and the Urban Challenge},
  journal   = {Journal of Field Robotics},
  volume    = {25},
  number    = {8},
  year      = {2008},
}

@inproceedings{Levinson2011,
  author    = {Jesse Levinson and
               Jake Askeland and
               Jan Becker and
               Jennifer Dolson and
               David Held and
               S{\"{o}}ren Kammel and
               J. Zico Kolter and
               others},
  title     = {Towards fully autonomous driving: Systems and algorithms},
  booktitle = {Intelligent Vehicles Symposium (IV)},
  year      = {2011},
}

@article{Leonard2008,
  author    = {John J. Leonard and
               Jonathan P. How and
               Seth J. Teller and
               Mitch Berger and
               Stefan Campbell and
               Gaston A. Fiore and
               Luke Fletcher and
               Emilio Frazzoli and
               others},
  title     = {A perception-driven autonomous urban vehicle},
  journal   = {Journal of Field Robotics},
  volume    = {25},
  number    = {10},
  year      = {2008},
}

@inproceedings{Codevilla2018,
  author    = {Felipe Codevilla and
               Matthias M{\"{u}}ller and
               Alexey Dosovitskiy and
               Antonio L{\'{o}}pez and
               Vladlen Koltun},
  title     = {End-to-end Driving via Conditional Imitation Learning},
  booktitle   = ICRA,
  year      = {2018}
}

@inproceedings{LeCun2005driving,
  author    = {Yann LeCun and
               Urs Muller and
               Jan Ben and
               Eric Cosatto and
               Beat Flepp},
  title     = {Off-Road Obstacle Avoidance through End-to-End Learning},
  booktitle = NIPS,
  year      = {2005},
}

@inproceedings{Pomerleau1988,
  author    = {Dean Pomerleau},
  title     = {{ALVINN}: An Autonomous Land Vehicle in a Neural Network},
  booktitle = NIPS,
  year      = {1988},
}

@article{Bojarski2016nvidiadriving,
  author = {Bojarski, Mariusz and Testa, Davide Del and Dworakowski, Daniel and Firner, Bernhard and Flepp, Beat and Goyal, Prasoon and Jackel, Lawrence D. and others},
  title = {End to End Learning for Self-Driving Cars},
  journal = {arXiv:1604.07316},
  year = {2016},
}

@incollection{Franke2017,
  author = {Uwe Franke},
  title = {Autonomous Driving},
  booktitle = {Computer Vision in Vehicle Technology},
  year = {2017},
}

@article{Paden2016,
  author    = {Brian Paden and
               Michal C{\'{a}}p and
               Sze Zheng Yong and
               Dmitry S. Yershov and
               Emilio Frazzoli},
  title     = {A Survey of Motion Planning and Control Techniques for Self-Driving
               Urban Vehicles},
  journal   = {{IEEE} Transactions on Intelligent Vehicles},
  volume    = {1},
  number    = {1},
  year      = {2016},
}

%%% Unreal and CARLA
@Misc{UE4,
	author		= {{Epic Games}},
	title		= {{Unreal Engine 4}},
	howpublished = {\url{https://www.unrealengine.com}},
	year = 2017
}


@inproceedings{carla,
  author      = {Alexey Dosovitskiy and
	            German Ros and
				Felipe Codevilla and
				Antonio L\'{o}pez and
				Vladlen Koltun},
	title       = {{CARLA}: An Open Urban Driving Simulator},
  booktitle   = CoRL,
	year        = {2017}
}

%%%Sim-to-Real
@inproceedings{Pan2017,
  author    = {Xinlei Pan and
               Yurong You and
               Ziyan Wang and
               Cewu Lu},
  title     = {Virtual to Real Reinforcement Learning for Autonomous Driving},
  booktitle = BMVC,
  year      = {2017}
}

@inproceedings{Rusu2017,
  author    = {Andrei A. Rusu and
               Matej Vecerik and
               Thomas Roth{\"{o}}rl and
               Nicolas Heess and
               Razvan Pascanu and
               Raia Hadsell},
  title     = {Sim-to-Real Robot Learning from Pixels with Progressive Nets},
  booktitle = CoRL,
  year      = {2017}
}

@inproceedings{Sadeghi2017,
	  title={{CAD2RL}: Real Single-Image Flight without a Single Real Image},
	  author={Sadeghi, Fereshteh and Levine, Sergey},
	  booktitle = RSS,
	  year={2017}
	}

@article{Sadeghi2017:arxiv,
  author    = {Fereshteh Sadeghi and
               Alexander Toshev and
               Eric Jang and
               Sergey Levine},
  title     = {{Sim2Real} View Invariant Visual Servoing by Recurrent Control},
  journal   = {CVPR},
  year      = {2018},
}

@inproceedings{Tobin2017,
  author    = {Josh Tobin and
               Rachel Fong and
               Alex Ray and
               Jonas Schneider and
               Wojciech Zaremba and
               Pieter Abbeel},
  title     = {Domain randomization for transferring deep neural networks from simulation to the real world},
  booktitle = IROS,
  year      = {2017}
}


@incollection{GAN,
title = {Generative Adversarial Nets},
author = {Goodfellow, Ian and Pouget-Abadie, Jean and Mirza, Mehdi and Xu, Bing and Warde-Farley, David and Ozair, Sherjil and Courville, Aaron and Bengio, Yoshua},
booktitle = {Advances in Neural Information Processing Systems 27},
editor = {Z. Ghahramani and M. Welling and C. Cortes and N. D. Lawrence and K. Q. Weinberger},
pages = {2672--2680},
year = {2014},
publisher = {Curran Associates, Inc.},
url = {http://papers.nips.cc/paper/5423-generative-adversarial-nets.pdf}
}


@article{IMAGENET,
  author    = {Olga Russakovsky and
               Jia Deng and
               Hao Su and
               Jonathan Krause and
               Sanjeev Satheesh and
               Sean Ma and
               Zhiheng Huang and
               Andrej Karpathy and
               Aditya Khosla and
               Michael S. Bernstein and
               Alexander C. Berg and
               Fei{-}Fei Li},
  title     = {ImageNet Large Scale Visual Recognition Challenge},
  journal   = {CoRR},
  volume    = {abs/1409.0575},
  year      = {2014},
  url       = {http://arxiv.org/abs/1409.0575},
  archivePrefix = {arXiv},
  eprint    = {1409.0575},
  timestamp = {Wed, 07 Jun 2017 14:41:16 +0200},
  biburl    = {http://dblp.org/rec/bib/journals/corr/RussakovskyDSKSMHKKBBF14},
  bibsource = {dblp computer science bibliography, http://dblp.org}
}

@incollection{AlexNet,
title = {ImageNet Classification with Deep Convolutional Neural Networks},
author = {Alex Krizhevsky and Sutskever, Ilya and Hinton, Geoffrey E},
booktitle = {Advances in Neural Information Processing Systems 25},
editor = {F. Pereira and C. J. C. Burges and L. Bottou and K. Q. Weinberger},
pages = {1097--1105},
year = {2012},
publisher = {Curran Associates, Inc.},
url = {http://papers.nips.cc/paper/4824-imagenet-classification-with-deep-convolutional-neural-networks.pdf}
}

@inproceedings{bias,
 author = {Antonio Torralba and Alexei A. Efros},
 title = {Unbiased look at dataset bias},
booktitle = {CVPR},
year = {2011}
}

@inproceedings{procedural,
    author = {De Souza, CR and Gaidon, A and Cabon, Y and Lopez Pena, AM },
    title = {Procedural Generation of Videos to Train Deep Action Recognition Networks},
    booktitle = {CVPR},
    year = {2017}
}

@InProceedings{splusu-featurematching,
author = {Shrivastava, Ashish and Pfister, Tomas and Tuzel, Oncel and Susskind, Joshua and Wang, Wenda and Webb, Russell},
title = {Learning From Simulated and Unsupervised Images Through Adversarial Training},
booktitle = {The IEEE Conference on Computer Vision and Pattern Recognition (CVPR)},
month = {July},
year = {2017}
}

@inproceedings{style-transfer,
  title={Perceptual Losses for Real-Time Style Transfer and Super-Resolution},
  author={Justin Johnson and Alexandre Alahi and Fei-fei Li},
  booktitle={ECCV},
  year={2016}
}
@article{PlugandPlay,
  author    = {Anh Nguyen and
               Jason Yosinski and
               Yoshua Bengio and
               Alexey Dosovitskiy and
               Jeff Clune},
  title     = {Plug {\&} Play Generative Networks: Conditional Iterative Generation
               of Images in Latent Space},
  journal   = {CoRR},
  volume    = {abs/1612.00005},
  year      = {2016},
  url       = {http://arxiv.org/abs/1612.00005},
  archivePrefix = {arXiv},
  eprint    = {1612.00005},
  timestamp = {Wed, 07 Jun 2017 14:41:50 +0200},
  biburl    = {http://dblp.org/rec/bib/journals/corr/NguyenYBDC16},
  bibsource = {dblp computer science bibliography, http://dblp.org}
}

@article{CoGAN,
  author    = {Ming{-}Yu Liu and
               Oncel Tuzel},
  title     = {Coupled Generative Adversarial Networks},
  journal   = {CoRR},
  volume    = {abs/1606.07536},
  year      = {2016},
  url       = {http://arxiv.org/abs/1606.07536},
  archivePrefix = {arXiv},
  eprint    = {1606.07536},
  timestamp = {Wed, 07 Jun 2017 14:40:09 +0200},
  biburl    = {http://dblp.org/rec/bib/journals/corr/0001T16},
  bibsource = {dblp computer science bibliography, http://dblp.org}
}

@inproceedingS{improvGANfeature,
 author = {David Warde-Farley and Yoshua Bengio },
 title = {IMPROVING GENERATIVE ADVERSARIAL NETWORKS
WITH DENOISING FEATURE MATCHING},
booktitle = {CVPR},
 year = {2017}
}

@misc{WGAN,
 author = {Martin Arjovsky and Soumith Chintala and Léon Bottou },
 title = {Wasserstein GAN},
 note = {arXiv:1701.07875},
 year = 2017
}

@article{BEGAN,
  author    = {David Berthelot and
               Tom Schumm and
               Luke Metz},
  title     = {{BEGAN:} Boundary Equilibrium Generative Adversarial Networks},
  journal   = {CoRR},
  volume    = {abs/1703.10717},
  year      = {2017},
  url       = {http://arxiv.org/abs/1703.10717},
  archivePrefix = {arXiv},
  eprint    = {1703.10717},
  timestamp = {Wed, 07 Jun 2017 14:42:35 +0200},
  biburl    = {http://dblp.org/rec/bib/journals/corr/BerthelotSM17},
  bibsource = {dblp computer science bibliography, http://dblp.org}
}

@article{CAN,
  author    = {Ahmed M. Elgammal and
               Bingchen Liu and
               Mohamed Elhoseiny and
               Marian Mazzone},
  title     = {{CAN:} Creative Adversarial Networks, Generating "Art" by Learning
               About Styles and Deviating from Style Norms},
  journal   = {CoRR},
  volume    = {abs/1706.07068},
  year      = {2017},
  url       = {http://arxiv.org/abs/1706.07068},
  archivePrefix = {arXiv},
  eprint    = {1706.07068},
  timestamp = {Mon, 03 Jul 2017 13:29:02 +0200},
  biburl    = {http://dblp.org/rec/bib/journals/corr/ElgammalLEM17},
  bibsource = {dblp computer science bibliography, http://dblp.org}
}
@article{img2img,
  title={Image-to-Image Translation with Conditional Adversarial Networks},
  author={Isola, Phillip and Zhu, Jun-Yan and Zhou, Tinghui and Efros, Alexei A},
  journal={arxiv},
  year={2016}
}
@article{cycleGAN,
  title={Unpaired Image-to-Image Translation using Cycle-Consistent Adversarial Networks},
  author={Zhu, Jun-Yan and Park, Taesung and Isola, Phillip and Efros, Alexei A},
  journal={arXiv preprint arXiv:1703.10593},
  year={2017}
}
@inproceedings{manifold-manipulation,
  title={Generative Visual Manipulation on the Natural Image Manifold},
  author={Zhu, Jun-Yan and Kr{\"a}henb{\"u}hl, Philipp and Shechtman, Eli and Efros, Alexei A.},
  booktitle={Proceedings of European Conference on Computer Vision (ECCV)},
  year={2016}
}

@article{text-to-image,
  author    = {Scott E. Reed and
               Zeynep Akata and
               Xinchen Yan and
               Lajanugen Logeswaran and
               Bernt Schiele and
               Honglak Lee},
  title     = {Generative Adversarial Text to Image Synthesis},
  journal   = {CoRR},
  volume    = {abs/1605.05396},
  year      = {2016},
  url       = {http://arxiv.org/abs/1605.05396},
  archivePrefix = {arXiv},
  eprint    = {1605.05396},
  timestamp = {Wed, 07 Jun 2017 14:40:14 +0200},
  biburl    = {http://dblp.org/rec/bib/journals/corr/ReedAYLSL16},
  bibsource = {dblp computer science bibliography, http://dblp.org}
}

@incollection{LaplacianPyrmid,
title = {Deep Generative Image Models using a Laplacian Pyramid of Adversarial Networks},
author = {Denton, Emily L and Chintala, Soumith and szlam, arthur and Fergus, Rob},
booktitle = {Advances in Neural Information Processing Systems 28},
editor = {C. Cortes and N. D. Lawrence and D. D. Lee and M. Sugiyama and R. Garnett},
pages = {1486--1494},
year = {2015},
publisher = {Curran Associates, Inc.},
url = {http://papers.nips.cc/paper/5773-deep-generative-image-models-using-a-laplacian-pyramid-of-adversarial-networks.pdf}
}

@inproceedings{catGAN,
 author = {Jost T. Springenberg},
 title = {Unsupervised and Semi-supervised Learning with Categorical Generative Adversarial Network},
 booktitle = {ICLR},
 year = {2016}
}


@incollection{ActivationMAximization,
title = {Synthesizing the preferred inputs for neurons in neural networks via deep generator networks},
author = {Nguyen, Anh and Dosovitskiy, Alexey and Yosinski, Jason and Brox, Thomas and Clune, Jeff},
booktitle = {Advances in Neural Information Processing Systems 29},
editor = {D. D. Lee and M. Sugiyama and U. V. Luxburg and I. Guyon and R. Garnett},
pages = {3387--3395},
year = {2016},
publisher = {Curran Associates, Inc.},
url = {http://papers.nips.cc/paper/6519-synthesizing-the-preferred-inputs-for-neurons-in-neural-networks-via-deep-generator-networks.pdf}
}


@article{face-editing,
  author    = {Jiajun Lu and
               Kalyan Sunkavalli and
               Nathan Carr and
               Sunil Hadap and
               David A. Forsyth},
  title     = {A Visual Representation for Editing Face Images},
  journal   = {CoRR},
  volume    = {abs/1612.00522},
  year      = {2016},
  url       = {http://arxiv.org/abs/1612.00522},
  archivePrefix = {arXiv},
  eprint    = {1612.00522},
  timestamp = {Wed, 07 Jun 2017 14:42:51 +0200},
  biburl    = {http://dblp.org/rec/bib/journals/corr/LuSCHF16},
  bibsource = {dblp computer science bibliography, http://dblp.org}
}

@inproceedings{evaluation,
 author = {Lucas Theis and Aäron van den Oord and Matthias Bethge},
 title = {A NOTE ON THE EVALUATION OF GENERATIVE MODELS},
 booktitle = {ICLR},
 year = {2016}
}

@article{domainadaptation,
  author    = {Eric Tzeng and
               Judy Hoffman and
               Kate Saenko and
               Trevor Darrell},
  title     = {Adversarial Discriminative Domain Adaptation},
  journal   = {CoRR},
  volume    = {abs/1702.05464},
  year      = {2017},
  url       = {http://arxiv.org/abs/1702.05464},
  archivePrefix = {arXiv},
  eprint    = {1702.05464},
  timestamp = {Wed, 07 Jun 2017 14:43:06 +0200},
  biburl    = {http://dblp.org/rec/bib/journals/corr/TzengHSD17},
  bibsource = {dblp computer science bibliography, http://dblp.org}
}

@article{deepCorrlation,
  author    = {Baochen Sun and
               Kate Saenko},
  title     = {Deep {CORAL:} Correlation Alignment for Deep Domain Adaptation},
  journal   = {CoRR},
  volume    = {abs/1607.01719},
  year      = {2016},
  url       = {http://arxiv.org/abs/1607.01719},
  archivePrefix = {arXiv},
  eprint    = {1607.01719},
  timestamp = {Wed, 07 Jun 2017 14:40:45 +0200},
  biburl    = {http://dblp.org/rec/bib/journals/corr/SunS16a},
  bibsource = {dblp computer science bibliography, http://dblp.org}
}

@inproceedings{vidGAN,
 author = {Carl Vondrick and Hamed Pirsiavash and Antonio Torralba},
 title = {Generating Videos with Scene Dynamics},
 note = {in Proc NIPS,2016},
 year = 2016
}

@InProceedings{sceneGAN,
author = {Veeravasarapu, VSR and Rothkopf, Constantin and Visvanathan, Ramesh},
title = {Adversarially Tuned Scene Generation},
booktitle = {The IEEE Conference on Computer Vision and Pattern Recognition (CVPR)},
month = {July},
year = {2017}
}


@article{structuralSim,
  author    = {Zhou Wang, and Alan C. Bovik and
Hamid R. Sheikh and Eero P. Simoncelli},
  title     = {Image Quality Assessment: From Error Visibility to
Structural Similarity},
  journal   = {IEEE TRANSACTIONS ON IMAGE PROCESSING},
  volume    = {13, NO. 4},
  year      = {2004},
}

@incollection{PerceptualSim,
title = {Generating Images with Perceptual Similarity Metrics based on Deep Networks},
author = {Dosovitskiy, Alexey and Brox, Thomas},
booktitle = {Advances in Neural Information Processing Systems 29},
editor = {D. D. Lee and M. Sugiyama and U. V. Luxburg and I. Guyon and R. Garnett},
pages = {658--666},
year = {2016},
publisher = {Curran Associates, Inc.},
url = {http://papers.nips.cc/paper/6158-generating-images-with-perceptual-similarity-metrics-based-on-deep-networks.pdf}
}

@article{unn-visual2,
  author    = {Aravindh Mahendran and
               Andrea Vedaldi},
  title     = {Understanding Deep Image Representations by Inverting Them},
  journal   = {CoRR},
  volume    = {abs/1412.0035},
  year      = {2014},
  url       = {http://arxiv.org/abs/1412.0035},
  archivePrefix = {arXiv},
  eprint    = {1412.0035},
  timestamp = {Wed, 07 Jun 2017 14:41:25 +0200},
  biburl    = {http://dblp.org/rec/bib/journals/corr/MahendranV14},
  bibsource = {dblp computer science bibliography, http://dblp.org}
}

@misc{Jansen,
 author = {Cvetkovski Z.},
 title = {Convexity, Jensen’s Inequality},
 note = {In: Inequalities. Springer, Berlin, Heidelberg},
 year = 2012
}

@article{inpainting,
  author    = {Raymond Yeh and
               Chen Chen and
               Teck{-}Yian Lim and
               Mark Hasegawa{-}Johnson and
               Minh N. Do},
  title     = {Semantic Image Inpainting with Perceptual and Contextual Losses},
  journal   = {CoRR},
  volume    = {abs/1607.07539},
  year      = {2016},
  url       = {http://arxiv.org/abs/1607.07539},
  archivePrefix = {arXiv},
  eprint    = {1607.07539},
  timestamp = {Wed, 07 Jun 2017 14:41:14 +0200},
  biburl    = {http://dblp.org/rec/bib/journals/corr/YehCLHD16},
  bibsource = {dblp computer science bibliography, http://dblp.org}
}

@article{DCGAN,
  author    = {Alec Radford and
               Luke Metz and
               Soumith Chintala},
  title     = {Unsupervised Representation Learning with Deep Convolutional Generative
               Adversarial Networks},
  journal   = {CoRR},
  volume    = {abs/1511.06434},
  year      = {2015},
  url       = {http://arxiv.org/abs/1511.06434},
  archivePrefix = {arXiv},
  eprint    = {1511.06434},
  timestamp = {Wed, 07 Jun 2017 14:40:30 +0200},
  biburl    = {http://dblp.org/rec/bib/journals/corr/RadfordMC15},
  bibsource = {dblp computer science bibliography, http://dblp.org}
}

@article{zero-shot,
  author    = {Yongqin Xian and
               Bernt Schiele and
               Zeynep Akata},
  title     = {Zero-Shot Learning - The Good, the Bad and the Ugly},
  journal   = {CoRR},
  volume    = {abs/1703.04394},
  year      = {2017},
  url       = {http://arxiv.org/abs/1703.04394},
  archivePrefix = {arXiv},
  eprint    = {1703.04394},
  timestamp = {Wed, 07 Jun 2017 14:40:49 +0200},
  biburl    = {http://dblp.org/rec/bib/journals/corr/XianSA17},
  bibsource = {dblp computer science bibliography, http://dblp.org}
}

@incollection{inception-GANs2,
title = {Improved Techniques for Training GANs},
author = {Salimans, Tim and Goodfellow, Ian and Zaremba, Wojciech and Cheung, Vicki and Radford, Alec and Chen, Xi and Chen, Xi},
booktitle = {Advances in Neural Information Processing Systems 29},
editor = {D. D. Lee and M. Sugiyama and U. V. Luxburg and I. Guyon and R. Garnett},
pages = {2234--2242},
year = {2016},
publisher = {Curran Associates, Inc.},
url = {http://papers.nips.cc/paper/6125-improved-techniques-for-training-gans.pdf}
}

@inproceedings{CelebA,
 author = {Ziwei Liu and Ping Luo and Xiaogang Wang and Xiaoou Tang},
 title = {Deep Learning Face Attributes in the Wild},
 booktitle = {Proceedings of International Conference on Computer Vision (ICCV)},
 year = {2015} 
}

@article{FC7,
  author    = {Ali Sharif Razavian and
               Hossein Azizpour and
               Josephine Sullivan and
               Stefan Carlsson},
  title     = {{CNN} Features off-the-shelf: an Astounding Baseline for Recognition},
  journal   = {CoRR},
  volume    = {abs/1403.6382},
  year      = {2014},
  url       = {http://arxiv.org/abs/1403.6382},
  archivePrefix = {arXiv},
  eprint    = {1403.6382},
  timestamp = {Wed, 07 Jun 2017 14:40:09 +0200},
  biburl    = {http://dblp.org/rec/bib/journals/corr/RazavianASC14},
  bibsource = {dblp computer science bibliography, http://dblp.org}
}

@article{balltree,
  author    = {Ting Liu and Andrew W. Moore and Alexander Gray},
  title     = {New Algorithms for Efficient High-Dimensional
Nonparametric Classification},
  journal   = {Journal of Machine Learning Research},
  volume    = { 7 (2006) 1135–1158},
  year      = {2006},
}

@article{adam,
  author    = {Diederik P. Kingma and
               Jimmy Ba},
  title     = {Adam: {A} Method for Stochastic Optimization},
  journal   = {CoRR},
  volume    = {abs/1412.6980},
  year      = {2014},
  url       = {http://arxiv.org/abs/1412.6980},
  archivePrefix = {arXiv},
  eprint    = {1412.6980},
  timestamp = {Wed, 07 Jun 2017 14:40:52 +0200},
  biburl    = {http://dblp.org/rec/bib/journals/corr/KingmaB14},
  bibsource = {dblp computer science bibliography, http://dblp.org}
}

@inproceedings{viola-jones,
 author = {Paul Viola and Michael Jones},
 title = {Rapid Object Detection using a Boosted Cascade of Simple
Features},
 booktitle = {CVPR},
 year = 2001
}

@misc{opencv,
  title={Open Source Computer Vision Library},
  author={Itseez},
  year={2015},
  howpublished = {\url{https://github.com/itseez/opencv}}
}

@misc{free3d,
  title={Free3D},
  year={2018},
  howpublished = {\url{https://free3d.com/}}
}

@misc{3dwearhouse,
  title={3D Warehouse},
  year={2018},
  howpublished = {\url{https://3dwarehouse.sketchup.com/?hl=en}}
}


@InProceedings{Bigan,
author = {Gurumurthy, Swaminathan and Kiran Sarvadevabhatla, Ravi and Venkatesh Babu, R.},
title = {DeLiGAN : Generative Adversarial Networks for Diverse and Limited Data},
booktitle = {The IEEE Conference on Computer Vision and Pattern Recognition (CVPR)},
month = {July},
year = {2017}
}


@InProceedings{superresolution,
author = {Ledig, Christian and Theis, Lucas and Huszar, Ferenc and Caballero, Jose and Cunningham, Andrew and Acosta, Alejandro and Aitken, Andrew and Tejani, Alykhan and Totz, Johannes and Wang, Zehan and Shi, Wenzhe},
title = {Photo-Realistic Single Image Super-Resolution Using a Generative Adversarial Network},
booktitle = {The IEEE Conference on Computer Vision and Pattern Recognition (CVPR)},
month = {July},
year = {2017}
}

@InProceedings{hand-pose,
author = {Wan, Chengde and Probst, Thomas and Van Gool, Luc and Yao, Angela},
title = {Crossing Nets: Combining GANs and VAEs With a Shared Latent Space for Hand Pose Estimation},
booktitle = {The IEEE Conference on Computer Vision and Pattern Recognition (CVPR)},
month = {July},
year = {2017}
}


@InProceedings{face-recog,
author = {Tran, Luan and Yin, Xi and Liu, Xiaoming},
title = {Disentangled Representation Learning GAN for Pose-Invariant Face Recognition},
booktitle = {The IEEE Conference on Computer Vision and Pattern Recognition (CVPR)},
month = {July},
year = {2017}
}

@inproceedings { MNIST,
original =      "orig/lecun-01a.ps.gz",
author = 	"LeCun, Y. and Bottou, L. and Bengio, Y. and Haffner, P.",
title = 	"Gradient-Based Learning Applied to Document Recognition",
booktitle =     "Intelligent Signal Processing",
editors =       "Haykin, S. and Kosko, B.",
pages =         "306-351",
publisher =     "IEEE Press",
year =		2001
}


@Misc{Scipy,
  author =    {Eric Jones and Travis Oliphant and Pearu Peterson and others},
  title =     {{SciPy}: Open source scientific tools for {Python}},
  year =      {2001--},
  url = "http://www.scipy.org/",
  note = {[Online; accessed <today>]}
}


@inproceedings{inception-network,
title = {Going Deeper with Convolutions},
author  = {Christian Szegedy and Wei Liu and Yangqing Jia and Pierre Sermanet and Scott Reed and Dragomir Anguelov and Dumitru Erhan and Vincent Vanhoucke and Andrew Rabinovich},
year  = {2015},
URL = {http://arxiv.org/abs/1409.4842},
booktitle = {Computer Vision and Pattern Recognition (CVPR)}
}

@article{zhao2016energy,
  title={Energy-based generative adversarial network},
  author={Zhao, Junbo and Mathieu, Michael and LeCun, Yann},
  journal={arXiv preprint arXiv:1609.03126},
  year={2016}
}

@article{deepimage-prior,
  author    = {Dmitry Ulyanov and
               Andrea Vedaldi and
               Victor S. Lempitsky},
  title     = {Deep Image Prior},
  journal   = {CoRR},
  volume    = {abs/1711.10925},
  year      = {2017},
  url       = {http://arxiv.org/abs/1711.10925},
  archivePrefix = {arXiv},
  eprint    = {1711.10925},
  timestamp = {Mon, 04 Dec 2017 18:34:59 +0100},
  biburl    = {https://dblp.org/rec/bib/journals/corr/abs-1711-10925},
  bibsource = {dblp computer science bibliography, https://dblp.org}
}

@article{EBGAN,
  author    = {Junbo Jake Zhao and
               Micha{\"{e}}l Mathieu and
               Yann LeCun},
  title     = {Energy-based Generative Adversarial Network},
  journal   = {CoRR},
  volume    = {abs/1609.03126},
  year      = {2016},
  url       = {http://arxiv.org/abs/1609.03126},
  archivePrefix = {arXiv},
  eprint    = {1609.03126},
  timestamp = {Wed, 07 Jun 2017 14:42:59 +0200},
  biburl    = {https://dblp.org/rec/bib/journals/corr/ZhaoML16},
  bibsource = {dblp computer science bibliography, https://dblp.org}
}



@inproceedings{
spectral-norm,
title={Spectral Normalization for Generative Adversarial Networks},
author={Takeru Miyato and Toshiki Kataoka and Masanori Koyama and Yuichi Yoshida},
booktitle={International Conference on Learning Representations},
year={2018},
url={https://openreview.net/forum?id=B1QRgziT-},
}

@incollection{new-coupled-gan,
title = {Unsupervised Image-to-Image Translation Networks},
author = {Liu, Ming-Yu and Breuel, Thomas and Kautz, Jan},
booktitle = {Advances in Neural Information Processing Systems 30},
editor = {I. Guyon and U. V. Luxburg and S. Bengio and H. Wallach and R. Fergus and S. Vishwanathan and R. Garnett},
pages = {700--708},
year = {2017},
publisher = {Curran Associates, Inc.},
url = {http://papers.nips.cc/paper/6672-unsupervised-image-to-image-translation-networks.pdf}
}


@InProceedings{multigan,
author = {Huang, Xun and Liu, Ming-Yu and Belongie, Serge and Kautz, Jan},
title = {Multimodal Unsupervised Image-to-image Translation},
booktitle = {The European Conference on Computer Vision (ECCV)},
month = {September},
year = {2018}
}

@inproceedings{
progressivegan,
title={Progressive Growing of {GAN}s for Improved Quality, Stability, and Variation},
author={Tero Karras and Timo Aila and Samuli Laine and Jaakko Lehtinen},
booktitle={International Conference on Learning Representations},
year={2018},
url={https://openreview.net/forum?id=Hk99zCeAb},
}

@InProceedings{stargan,
author = {Choi, Yunjey and Choi, Minje and Kim, Munyoung and Ha, Jung-Woo and Kim, Sunghun and Choo, Jaegul},
title = {StarGAN: Unified Generative Adversarial Networks for Multi-Domain Image-to-Image Translation},
booktitle = {The IEEE Conference on Computer Vision and Pattern Recognition (CVPR)},
month = {June},
year = {2018}
}

@article{first-attack,
  author    = {Christian Szegedy and
               Wojciech Zaremba and
               Ilya Sutskever and
               Joan Bruna and
               Dumitru Erhan and
               Ian J. Goodfellow and
               Rob Fergus},
  title     = {Intriguing properties of neural networks},
  journal   = {CoRR},
  volume    = {abs/1312.6199},
  year      = {2013},
  url       = {http://arxiv.org/abs/1312.6199},
  archivePrefix = {arXiv},
  eprint    = {1312.6199},
  timestamp = {Mon, 13 Aug 2018 16:47:28 +0200},
  biburl    = {https://dblp.org/rec/bib/journals/corr/SzegedyZSBEGF13},
  bibsource = {dblp computer science bibliography, https://dblp.org}
}

@inproceedings{fast-sign,
title	= {Explaining and Harnessing Adversarial Examples},
author	= {Ian Goodfellow and Jonathon Shlens and Christian Szegedy},
year	= {2015},
URL	= {http://arxiv.org/abs/1412.6572},
booktitle	= {International Conference on Learning Representations}
}

@InProceedings{deepfool,
author = {Moosavi-Dezfooli, Seyed-Mohsen and Fawzi, Alhussein and Frossard, Pascal},
title = {DeepFool: A Simple and Accurate Method to Fool Deep Neural Networks},
booktitle = {The IEEE Conference on Computer Vision and Pattern Recognition (CVPR)},
month = {June},
year = {2016}
}

@article{projected-gradient,
  author    = {Alexey Kurakin and
               Ian J. Goodfellow and
               Samy Bengio},
  title     = {Adversarial Machine Learning at Scale},
  journal   = {CoRR},
  volume    = {abs/1611.01236},
  year      = {2016},
  url       = {http://arxiv.org/abs/1611.01236},
  archivePrefix = {arXiv},
  eprint    = {1611.01236},
  timestamp = {Mon, 13 Aug 2018 16:48:03 +0200},
  biburl    = {https://dblp.org/rec/bib/journals/corr/KurakinGB16a},
  bibsource = {dblp computer science bibliography, https://dblp.org}
}

@InProceedings{carlini,
author = {Nicholas Carlini and David Wagner},
title = {Towards Evaluating the Robustness of Neural Networks},
booktitle = {IEEE Symposium on Security and Privacy (SP)},
year = {2017}
}
@article{3d-printed,
  author    = {Anish Athalye and
               Logan Engstrom and
               Andrew Ilyas and
               Kevin Kwok},
  title     = {Synthesizing Robust Adversarial Examples},
  journal   = {CoRR},
  volume    = {abs/1707.07397},
  year      = {2017},
  url       = {http://arxiv.org/abs/1707.07397},
  archivePrefix = {arXiv},
  eprint    = {1707.07397},
  timestamp = {Mon, 13 Aug 2018 16:48:27 +0200},
  biburl    = {https://dblp.org/rec/bib/journals/corr/AthalyeS17},
  bibsource = {dblp computer science bibliography, https://dblp.org}
}

@article{page-printed,
  author    = {Alexey Kurakin and
               Ian J. Goodfellow and
               Samy Bengio},
  title     = {Adversarial examples in the physical world},
  journal   = {CoRR},
  volume    = {abs/1607.02533},
  year      = {2016},
  url       = {http://arxiv.org/abs/1607.02533},
  archivePrefix = {arXiv},
  eprint    = {1607.02533},
  timestamp = {Mon, 13 Aug 2018 16:48:46 +0200},
  biburl    = {https://dblp.org/rec/bib/journals/corr/KurakinGB16},
  bibsource = {dblp computer science bibliography, https://dblp.org}
}

@article{speach-fool,
  author    = {Nicholas Carlini and
               David A. Wagner},
  title     = {Audio Adversarial Examples: Targeted Attacks on Speech-to-Text},
  journal   = {CoRR},
  volume    = {abs/1801.01944},
  year      = {2018},
  url       = {http://arxiv.org/abs/1801.01944},
  archivePrefix = {arXiv},
  eprint    = {1801.01944},
  timestamp = {Mon, 13 Aug 2018 16:47:41 +0200},
  biburl    = {https://dblp.org/rec/bib/journals/corr/abs-1801-01944},
  bibsource = {dblp computer science bibliography, https://dblp.org}
}

@inproceedings{face-fool,
 author = {Sharif, Mahmood and Bhagavatula, Sruti and Bauer, Lujo and Reiter, Michael K.},
 title = {Accessorize to a Crime: Real and Stealthy Attacks on State-of-the-Art Face Recognition},
 booktitle = {Proceedings of the 2016 ACM SIGSAC Conference on Computer and Communications Security},
 series = {CCS '16},
 year = {2016},
 isbn = {978-1-4503-4139-4},
 location = {Vienna, Austria},
 pages = {1528--1540},
 numpages = {13},
 url = {http://doi.acm.org/10.1145/2976749.2978392},
 doi = {10.1145/2976749.2978392},
 acmid = {2978392},
 publisher = {ACM},
 address = {New York, NY, USA},
 keywords = {adversarial machine learning, face detection, face recognition, neural networks},
} 
[download]

@article{semantic-attack,
  author    = {Hossein Hosseini and
               Radha Poovendran},
  title     = {Semantic Adversarial Examples},
  journal   = {CoRR},
  volume    = {abs/1804.00499},
  year      = {2018},
  url       = {http://arxiv.org/abs/1804.00499},
  archivePrefix = {arXiv},
  eprint    = {1804.00499},
  timestamp = {Mon, 13 Aug 2018 16:46:08 +0200},
  biburl    = {https://dblp.org/rec/bib/journals/corr/abs-1804-00499},
  bibsource = {dblp computer science bibliography, https://dblp.org}
}

@InProceedings{universal-attack,
author = {Moosavi-Dezfooli, Seyed-Mohsen and Fawzi, Alhussein and Fawzi, Omar and Frossard, Pascal},
title = {Universal Adversarial Perturbations},
booktitle = {The IEEE Conference on Computer Vision and Pattern Recognition (CVPR)},
month = {July},
year = {2017}
}

@InProceedings{segment-attack,
author = {Xie, Cihang and Wang, Jianyu and Zhang, Zhishuai and Zhou, Yuyin and Xie, Lingxi and Yuille, Alan},
title = {Adversarial Examples for Semantic Segmentation and Object Detection},
booktitle = {The IEEE International Conference on Computer Vision (ICCV)},
month = {Oct},
year = {2017}
}

@article{normal-light-attack,
  author    = {Xiaohui Zeng and
               Chenxi Liu and
               Yu{-}Siang Wang and
               Weichao Qiu and
               Lingxi Xie and
               Yu{-}Wing Tai and
               Chi{-}Keung Tang and
               Alan L. Yuille},
  title     = {Adversarial Attacks Beyond the Image Space},
  journal   = {CoRR},
  volume    = {abs/1711.07183},
  year      = {2017},
  url       = {http://arxiv.org/abs/1711.07183},
  archivePrefix = {arXiv},
  eprint    = {1711.07183},
  timestamp = {Mon, 13 Aug 2018 16:49:05 +0200},
  biburl    = {https://dblp.org/rec/bib/journals/corr/abs-1711-07183},
  bibsource = {dblp computer science bibliography, https://dblp.org}
}

@article{shapeshifter,
  author    = {Shang{-}Tse Chen and
               Cory Cornelius and
               Jason Martin and
               Duen Horng Chau},
  title     = {Robust Physical Adversarial Attack on Faster {R-CNN} Object Detector},
  journal   = {CoRR},
  volume    = {abs/1804.05810},
  year      = {2018},
  url       = {http://arxiv.org/abs/1804.05810},
  archivePrefix = {arXiv},
  eprint    = {1804.05810},
  timestamp = {Mon, 13 Aug 2018 16:48:54 +0200},
  biburl    = {https://dblp.org/rec/bib/journals/corr/abs-1804-05810},
  bibsource = {dblp computer science bibliography, https://dblp.org}
}

@InProceedings{neral-renderer,
author = {Kato, Hiroharu and Ushiku, Yoshitaka and Harada, Tatsuya},
title = {Neural 3D Mesh Renderer},
booktitle = {The IEEE Conference on Computer Vision and Pattern Recognition (CVPR)},
month = {June},
year = {2018}
}

@inproceedings{oprndr,
  title={OpenDR: An Approximate Differentiable Renderer},
  author={Matthew M. Loper and Michael J. Black},
  booktitle={ECCV},
  year={2014}
}
@inproceedings{zeroth-order-attack,
 author = {Chen, Pin-Yu and Zhang, Huan and Sharma, Yash and Yi, Jinfeng and Hsieh, Cho-Jui},
 title = {ZOO: Zeroth Order Optimization Based Black-box Attacks to Deep Neural Networks Without Training Substitute Models},
 booktitle = {Proceedings of the 10th ACM Workshop on Artificial Intelligence and Security},
 series = {AISec '17},
 year = {2017},
 isbn = {978-1-4503-5202-4},
 location = {Dallas, Texas, USA},
 pages = {15--26},
 numpages = {12},
 url = {http://doi.acm.org/10.1145/3128572.3140448},
 doi = {10.1145/3128572.3140448},
 acmid = {3140448},
 publisher = {ACM},
 address = {New York, NY, USA},
 keywords = {adversarial learning, black-box attack, deep learning, neural network, substitute model},
} 
[download]

@article{yolo3,
  author    = {Joseph Redmon and
               Ali Farhadi},
  title     = {YOLOv3: An Incremental Improvement},
  journal   = {CoRR},
  volume    = {abs/1804.02767},
  year      = {2018},
  url       = {http://arxiv.org/abs/1804.02767},
  archivePrefix = {arXiv},
  eprint    = {1804.02767},
  timestamp = {Mon, 13 Aug 2018 16:48:24 +0200},
  biburl    = {https://dblp.org/rec/bib/journals/corr/abs-1804-02767},
  bibsource = {dblp computer science bibliography, https://dblp.org}
}

@inproceedings{coco,
title = {Microsoft COCO: Common Objects in Context},
author = {Tsung-Yi Lin and Michael Maire and Serge Belongie and James Hays and Pietro Perona and Deva Ramanan and Piotr Dollár and C. Lawrence Zitnick},
url = {/se3/wp-content/uploads/2014/09/coco_eccv.pdf, http://mscoco.org},
year = {2014},
date = {2014-01-01},
booktitle = {European Conference on Computer Vision (ECCV)},
address = {Zürich},
note = {Oral},
keywords = {}
}

@incollection{adagan,
title = {AdaGAN: Boosting Generative Models},
author = {Tolstikhin, Ilya O and Gelly, Sylvain and Bousquet, Olivier and SIMON-GABRIEL, Carl-Johann and Sch\"{o}lkopf, Bernhard},
booktitle = {Advances in Neural Information Processing Systems 30},
editor = {I. Guyon and U. V. Luxburg and S. Bengio and H. Wallach and R. Fergus and S. Vishwanathan and R. Garnett},
pages = {5424--5433},
year = {2017},
publisher = {Curran Associates, Inc.},
url = {http://papers.nips.cc/paper/7126-adagan-boosting-generative-models.pdf}
}

@InProceedings{3d-rcnn,
author = {Kundu, Abhijit and Li, Yin and Rehg, James M.},
title = {3D-RCNN: Instance-Level 3D Object Reconstruction via Render-and-Compare},
booktitle = {The IEEE Conference on Computer Vision and Pattern Recognition (CVPR)},
month = {June},
year = {2018}
}

@article{no-worry,
  author    = {Jiajun Lu and
               Hussein Sibai and
               Evan Fabry and
               David A. Forsyth},
  title     = {{NO} Need to Worry about Adversarial Examples in Object Detection
               in Autonomous Vehicles},
  journal   = {CoRR},
  volume    = {abs/1707.03501},
  year      = {2017},
  url       = {http://arxiv.org/abs/1707.03501},
  archivePrefix = {arXiv},
  eprint    = {1707.03501},
  timestamp = {Mon, 13 Aug 2018 16:48:49 +0200},
  biburl    = {https://dblp.org/rec/bib/journals/corr/LuSFF17},
  bibsource = {dblp computer science bibliography, https://dblp.org}
}

@incollection{faster-rcnn,
title = {Faster R-CNN: Towards Real-Time Object Detection with Region Proposal Networks},
author = {Ren, Shaoqing and He, Kaiming and Girshick, Ross and Sun, Jian},
booktitle = {Advances in Neural Information Processing Systems 28},
editor = {C. Cortes and N. D. Lawrence and D. D. Lee and M. Sugiyama and R. Garnett},
pages = {91--99},
year = {2015},
publisher = {Curran Associates, Inc.},
url = {http://papers.nips.cc/paper/5638-faster-r-cnn-towards-real-time-object-detection-with-region-proposal-networks.pdf}
}

@InProceedings{rcnn,
author = {Girshick, Ross and Donahue, Jeff and Darrell, Trevor and Malik, Jitendra},
title = {Rich Feature Hierarchies for Accurate Object Detection and Semantic Segmentation},
booktitle = {The IEEE Conference on Computer Vision and Pattern Recognition (CVPR)},
month = {June},
year = {2014}
}

@InProceedings{yolo,
author = {Redmon, Joseph and Divvala, Santosh and Girshick, Ross and Farhadi, Ali},
title = {You Only Look Once: Unified, Real-Time Object Detection},
booktitle = {The IEEE Conference on Computer Vision and Pattern Recognition (CVPR)},
month = {June},
year = {2016}
}

@misc{darknet,
  author =   {Joseph Redmon},
  title =    {Darknet: Open Source Neural Networks in C},
  howpublished = {\url{http://pjreddie.com/darknet/}},
  year = {2013--2016}
}

@InProceedings{reduc-black,
author = {Nitin Bhagoji, Arjun and He, Warren and Li, Bo and Song, Dawn},
title = {Practical Black-box Attacks on Deep Neural Networks using Efficient Query Mechanisms},
booktitle = {The European Conference on Computer Vision (ECCV)},
month = {September},
year = {2018}
}

@InProceedings{modelnet, 
author={Zhirong Wu and S. Song and A. Khosla and Fisher Yu and Linguang Zhang and Xiaoou Tang and J. Xiao}, 
booktitle={2015 IEEE Conference on Computer Vision and Pattern Recognition (CVPR)}, 
title={3D ShapeNets: A deep representation for volumetric shapes}, 
year={2015}, 
volume={}, 
number={}, 
pages={1912-1920}, 
keywords={belief networks;CAD;computer vision;image recognition;image representation;object recognition;solid modelling;statistical distributions;3D ShapeNets;volumetric shapes;computer vision systems;2.5D depth sensors;3D shape representation;category recognition;full 3D shape recovery;visual understanding;geometric 3D shape;probability distribution;3D voxel grid;convolutional deep belief network;hierarchical compositional part representation;joint object recognition;shape completion;active object recognition;view planning;3D deep learning model;ModelNet;3D CAD model dataset;3D deep representation;Three-dimensional displays;Shape;Solid modeling;Object recognition;Planning;Computational modeling;Convolution}, 
doi={10.1109/CVPR.2015.7298801}, 
ISSN={1063-6919}, 
month={June},}

@InProceedings{pascal3D,
  author       = {Yu Xiang and Roozbeh Mottaghi and Silvio Savarese},
  title        = {Beyond PASCAL: A Benchmark for 3D Object Detection in the Wild},
  booktitle    = {IEEE Winter Conference on Applications of Computer Vision (WACV)},
  year         = {2014},
}

@Manual{blender,
   title = {Blender - a 3D modelling and rendering package},
   author = {{Blender Online Community}},
   organization = {Blender Foundation},
   address = {Blender Institute, Amsterdam},
   year = {2018},
   url = {http://www.blender.org},
 }
 
 @techreport{shapenet,
  title       = {{ShapeNet: An Information-Rich 3D Model Repository}},
  author      = {Chang, Angel X. and Funkhouser, Thomas and Guibas, Leonidas and Hanrahan, Pat and Huang, Qixing and Li, Zimo and Savarese, Silvio and Savva, Manolis and Song, Shuran and Su, Hao and Xiao, Jianxiong and Yi, Li and Yu, Fisher},
  number      = {arXiv:1512.03012 [cs.GR]},
  institution = {Stanford University --- Princeton University --- Toyota Technological Institute at Chicago},
  year        = {2015}
}

@article{domain-randomization,
  author    = {Joshua Tobin and
               Wojciech Zaremba and
               Pieter Abbeel},
  title     = {Domain Randomization and Generative Models for Robotic Grasping},
  journal   = {CoRR},
  volume    = {abs/1710.06425},
  year      = {2017},
  url       = {http://arxiv.org/abs/1710.06425},
  archivePrefix = {arXiv},
  eprint    = {1710.06425},
  timestamp = {Mon, 13 Aug 2018 16:47:00 +0200},
  biburl    = {https://dblp.org/rec/bib/journals/corr/abs-1710-06425},
  bibsource = {dblp computer science bibliography, https://dblp.org}
}

@article{sklearn,
 title={Scikit-learn: Machine Learning in {P}ython},
 author={Pedregosa, F. and Varoquaux, G. and Gramfort, A. and Michel, V.
         and Thirion, B. and Grisel, O. and Blondel, M. and Prettenhofer, P.
         and Weiss, R. and Dubourg, V. and Vanderplas, J. and Passos, A. and
         Cournapeau, D. and Brucher, M. and Perrot, M. and Duchesnay, E.},
 journal={Journal of Machine Learning Research},
 volume={12},
 pages={2825--2830},
 year={2011}
}

@article{hyperopt,
author = {Bergstra, James and Komer, Brent and Eliasmith, Chris and Yamins, Dan and Cox, David},
year = {2015},
month = {07},
pages = {014008},
title = {Hyperopt: A Python library for model selection and hyperparameter optimization},
volume = {8},
journal = {Computational Science \& Discovery},
doi = {10.1088/1749-4699/8/1/014008}
}

@article{expected-improvment,
 author = {Jones, Donald R. and Schonlau, Matthias and Welch, William J.},
 title = {Efficient Global Optimization of Expensive Black-Box Functions},
 journal = {J. of Global Optimization},
 issue_date = {December 1998},
 volume = {13},
 number = {4},
 month = dec,
 year = {1998},
 issn = {0925-5001},
 pages = {455--492},
 numpages = {38},
 url = {https://doi.org/10.1023/A:1008306431147},
 doi = {10.1023/A:1008306431147},
 acmid = {596218},
 publisher = {Kluwer Academic Publishers},
 address = {Hingham, MA, USA},
 keywords = {Bayesian global optimization, Kriging, Random function, Response surface, Stochastic process, Visualization},
} 

@ARTICLE{oil,
   author = {{M{\"u}ller}, M. and {Casser}, V. and {Smith}, N. and {Michels}, D.~L. and 
	{Ghanem}, B.},
    title = "{Teaching UAVs to Race Using Sim4CV}",
  journal = {ArXiv e-prints},
archivePrefix = "arXiv",
   eprint = {1708.05884},
 primaryClass = "cs.CV",
 keywords = {Computer Science - Computer Vision and Pattern Recognition},
     year = 2017,
    month = aug,
   adsurl = {http://adsabs.harvard.edu/abs/2017arXiv170805884M},
  adsnote = {Provided by the SAO/NASA Astrophysics Data System}
}

@InProceedings{eu-rl,
author = {Xie, Shuqin and Chen, Zitian and Xu, Chao and Lu, Cewu},
title = {Environment Upgrade Reinforcement Learning for Non-Differentiable Multi-Stage Pipelines},
booktitle = {The IEEE Conference on Computer Vision and Pattern Recognition (CVPR)},
month = {June},
year = {2018}
}

@article{pixel-attack,
  author    = {Jiawei Su and
               Danilo Vasconcellos Vargas and
               Kouichi Sakurai},
  title     = {One pixel attack for fooling deep neural networks},
  journal   = {CoRR},
  volume    = {abs/1710.08864},
  year      = {2017},
  url       = {http://arxiv.org/abs/1710.08864},
  archivePrefix = {arXiv},
  eprint    = {1710.08864},
  timestamp = {Mon, 13 Aug 2018 16:46:37 +0200},
  biburl    = {https://dblp.org/rec/bib/journals/corr/abs-1710-08864},
  bibsource = {dblp computer science bibliography, https://dblp.org}
}

@article{rl-attack,
  author    = {Yen{-}Chen Lin and
               Zhang{-}Wei Hong and
               Yuan{-}Hong Liao and
               Meng{-}Li Shih and
               Ming{-}Yu Liu and
               Min Sun},
  title     = {Tactics of Adversarial Attack on Deep Reinforcement Learning Agents},
  journal   = {CoRR},
  volume    = {abs/1703.06748},
  year      = {2017},
  url       = {http://arxiv.org/abs/1703.06748},
  archivePrefix = {arXiv},
  eprint    = {1703.06748},
  timestamp = {Mon, 13 Aug 2018 16:48:19 +0200},
  biburl    = {https://dblp.org/rec/bib/journals/corr/LinHLSLS17},
  bibsource = {dblp computer science bibliography, https://dblp.org}
}

@book{reward,
 author = {Sutton, Richard S. and Barto, Andrew G.},
 title = {Introduction to Reinforcement Learning},
 year = {1998},
 isbn = {0262193981},
 edition = {1st},
 publisher = {MIT Press},
 address = {Cambridge, MA, USA},
} 

@article{random-rl,
  author    = {Horia Mania and
               Aurelia Guy and
               Benjamin Recht},
  title     = {Simple random search provides a competitive approach to reinforcement
               learning},
  journal   = {CoRR},
  volume    = {abs/1803.07055},
  year      = {2018},
  url       = {http://arxiv.org/abs/1803.07055},
  archivePrefix = {arXiv},
  eprint    = {1803.07055},
  timestamp = {Mon, 13 Aug 2018 16:47:01 +0200},
  biburl    = {https://dblp.org/rec/bib/journals/corr/abs-1803-07055},
  bibsource = {dblp computer science bibliography, https://dblp.org}
}

@Inbook{bboptimization,
author="Audet, Charles
and Hare, Warren",
title="Derivative-Free and Blackbox Optimization, chapter:3",
bookTitle="Derivative-Free and Blackbox Optimization",
year="2017",
publisher="Springer International Publishing",
address="Cham",
pages="33--54",
abstract="In this chapter, we explore some naive approaches to solving BBO problems, and explain why they are not acceptable. This will lead to a better understanding of why DFO is preferred for real applications and provide some foundational material that is used throughout this book.",
isbn="978-3-319-68913-5",
doi="10.1007/978-3-319-68913-5_3",
url="https://doi.org/10.1007/978-3-319-68913-5_3"
}

@article{adaboost,
 author = {Freund, Yoav and Schapire, Robert E},
 title = {A Decision-Theoretic Generalization of On-Line Learning and an Application to Boosting},
 journal = {J. Comput. Syst. Sci.},
 issue_date = {Aug. 1997},
 volume = {55},
 number = {1},
 month = aug,
 year = {1997},
 issn = {0022-0000},
 pages = {119--139},
 numpages = {21},
 url = {http://dx.doi.org/10.1006/jcss.1997.1504},
 doi = {10.1006/jcss.1997.1504},
 acmid = {261549},
 publisher = {Academic Press, Inc.},
 address = {Orlando, FL, USA},
} 


@book{old-vision1,
  title={Pattern analysis: lectures in pattern theory, volume I},
  author={Grenander, Ulf},
  year={1978},
  publisher={Springer}
}

@book{old-vision2,
  title={Pattern analysis: lectures in pattern theory, volume II},
  author={Grenander, Ulf},
  year={1978},
  publisher={Springer}
}

@incollection{vig-reinforce,
title = {Unsupervised Learning of 3D Structure from Images},
author = {Jimenez Rezende, Danilo and Eslami, S. M. Ali and Mohamed, Shakir and Battaglia, Peter and Jaderberg, Max and Heess, Nicolas},
booktitle = {Advances in Neural Information Processing Systems 29},
editor = {D. D. Lee and M. Sugiyama and U. V. Luxburg and I. Guyon and R. Garnett},
pages = {4996--5004},
year = {2016},
publisher = {Curran Associates, Inc.},
url = {http://papers.nips.cc/paper/6600-unsupervised-learning-of-3d-structure-from-images.pdf}
}

@inproceedings{vig-nsd,
  title={{Neural Scene De-rendering}},
  author={Wu, Jiajun and Tenenbaum, Joshua B and Kohli, Pushmeet},
  booktitle={IEEE Conference on Computer Vision and Pattern Recognition (CVPR)},
  year={2017}
}

@inproceedings{vig-one-image,
  title={Vision-As-Inverse-Graphics: obtaining a rich 3d explanation of a scene from a single image},
  author={Romaszko, Lukasz and Williams, Christopher KI and Moreno, Pol and Kohli, Pushmeet},
  booktitle={Proceedings of the IEEE International Conference on Computer Vision},
  pages={851--859},
  year={2017}
}

@inproceedings{vig-cinvg,
  title={Deep convolutional inverse graphics network},
  author={Kulkarni, Tejas D and Whitney, William F and Kohli, Pushmeet and Tenenbaum, Josh},
  booktitle={Advances in neural information processing systems},
  pages={2539--2547},
  year={2015}
}

@article{vig-inverse-render-net,
  title={InverseRenderNet: Learning single image inverse rendering},
  author={Yu, Ye and Smith, William AP},
  journal={arXiv preprint arXiv:1811.12328},
  year={2018}
}

@inproceedings{vig-scene-manuplation,
  title={3D-aware scene manipulation via inverse graphics},
  author={Yao, Shunyu and Hsu, Tzu Ming and Zhu, Jun-Yan and Wu, Jiajun and Torralba, Antonio and Freeman, Bill and Tenenbaum, Josh},
  booktitle={Advances in Neural Information Processing Systems},
  pages={1891--1902},
  year={2018}
}

@inproceedings{vig-nmr,
  title={Neural 3d mesh renderer},
  author={Kato, Hiroharu and Ushiku, Yoshitaka and Harada, Tatsuya},
  booktitle={Proceedings of the IEEE Conference on Computer Vision and Pattern Recognition},
  pages={3907--3916},
  year={2018}
}

@inproceedings{vig-open-dr,
  title={OpenDR: An approximate differentiable renderer},
  author={Loper, Matthew M and Black, Michael J},
  booktitle={European Conference on Computer Vision},
  pages={154--169},
  year={2014},
  organization={Springer}
}

@inproceedings{vig-render-net,
  title={RenderNet: A deep convolutional network for differentiable rendering from 3D shapes},
  author={Nguyen-Phuoc, Thu H and Li, Chuan and Balaban, Stephen and Yang, Yongliang},
  booktitle={Advances in Neural Information Processing Systems},
  pages={7902--7912},
  year={2018}
}
@inproceedings{vig-monte-carlo-raytrace,
  title={Differentiable monte carlo ray tracing through edge sampling},
  author={Li, Tzu-Mao and Aittala, Miika and Durand, Fr{\'e}do and Lehtinen, Jaakko},
  booktitle={SIGGRAPH Asia 2018 Technical Papers},
  pages={222},
  year={2018},
  organization={ACM}
}

@inproceedings{semantic-deep-learning,
  title={Semantic adversarial deep learning},
  author={Dreossi, Tommaso and Jha, Somesh and Seshia, Sanjit A},
  booktitle={International Conference on Computer Aided Verification},
  pages={3--26},
  year={2018},
  organization={Springer}
}

@article{unn-rotation,
  title={A rotation-equivariant convolutional neural network model of primary visual cortex},
  author={Ecker, Alexander S and Sinz, Fabian H and Froudarakis, Emmanouil and Fahey, Paul G and Cadena, Santiago A and Walker, Edgar Y and Cobos, Erick and Reimer, Jacob and Tolias, Andreas S and Bethge, Matthias},
  journal={arXiv preprint arXiv:1809.10504},
  year={2018}
}

@article{unn-texture,
  title={ImageNet-trained CNNs are biased towards texture; increasing shape bias improves accuracy and robustness},
  author={Geirhos, Robert and Rubisch, Patricia and Michaelis, Claudio and Bethge, Matthias and Wichmann, Felix A and Brendel, Wieland},
  journal={arXiv preprint arXiv:1811.12231},
  year={2018}
}

@InProceedings{unn-modar,
author = {Bibi, Adel and Alfadly, Modar and Ghanem, Bernard},
title = {Analytic Expressions for Probabilistic Moments of PL-DNN With Gaussian Input},
booktitle = {The IEEE Conference on Computer Vision and Pattern Recognition (CVPR)},
month = {June},
year = {2018}
}

% MNIST
@article{lecun1998mnist,
    title={The MNIST database of handwritten digits},
    author={LeCun, Yann},
    journal={http://yann. lecun. com/exdb/mnist/},
    year={1998}
}
% CIFAR datasets
@techreport{krizhevsky2009learning,
  title={Learning multiple layers of features from tiny images},
  author={Krizhevsky, Alex and Hinton, Geoffrey},
  year={2009},
  institution={Citeseer}
}

%VGG16
@article{simonyan2014very,
  title={Very deep convolutional networks for large-scale image recognition},
  author={Simonyan, Karen and Zisserman, Andrew},
  journal={arXiv preprint arXiv:1409.1556},
  year={2014}
}
% LeNet
@incollection{lecun1999object,
    title={Object recognition with gradient-based learning},
    author={LeCun, Yann and Haffner, Patrick and Bottou, L{\'e}on and Bengio, Yoshua},
    booktitle={Shape, contour and grouping in computer vision},
    pages={319--345},
    year={1999},
    publisher={Springer}
}
% Adam
@article{kingma2014adam,
    title={Adam: A method for stochastic optimization},
    author={Kingma, Diederik P and Ba, Jimmy},
    journal={arXiv preprint arXiv:1412.6980},
    year={2014}
}
@article{loshchilov2016sgdr,
  title={Sgdr: Stochastic gradient descent with warm restarts},
  author={Loshchilov, Ilya and Hutter, Frank},
  journal={arXiv preprint arXiv:1608.03983},
  year={2016}
}
@inproceedings{paszke2017pytorch,
  title={Automatic differentiation in PyTorch},
  author={Paszke, Adam and Gross, Sam and Chintala, Soumith and Chanan, Gregory and Yang, Edward and DeVito, Zachary and Lin, Zeming and Desmaison, Alban and Antiga, Luca and Lerer, Adam},
  booktitle={NIPS-W},
  year={2017}
}
@inproceedings{marcel2010torchvision,
 author = {Marcel, S{\'e}bastien and Rodriguez, Yann},
 title = {Torchvision the Machine-vision Package of Torch},
 booktitle = {Proceedings of the 18th ACM International Conference on Multimedia},
 series = {MM '10},
 year = {2010},
 isbn = {978-1-60558-933-6},
 location = {Firenze, Italy},
 pages = {1485--1488},
 numpages = {4},
 url = {http://doi.acm.org/10.1145/1873951.1874254},
 doi = {10.1145/1873951.1874254},
 acmid = {1874254},
 publisher = {ACM},
 address = {New York, NY, USA},
 keywords = {face detection and recognition, machine learning, open source, pattern recognition, vision},
} 


% not adversarial training
@inproceedings{goodfellow2014generative,
    title={Generative adversarial nets},
    author={Goodfellow, Ian and Pouget-Abadie, Jean and Mirza, Mehdi and Xu, Bing and Warde-Farley, David and Ozair, Sherjil and Courville, Aaron and Bengio, Yoshua},
    booktitle={Advances in neural information processing systems},
    year={2014}
}
@inproceedings{shrivastava2017learning,
    author={Shrivastava, Ashish and Pfister, Tomas and Tuzel, Oncel and Susskind, Joshua and Wang, Wenda and Webb, Russell},
    title={Learning From Simulated and Unsupervised Images Through Adversarial Training},
    booktitle={The IEEE Conference on Computer Vision and Pattern Recognition (CVPR)},
    year={2017}
}
@inproceedings{huang2017expecting,
    author={Huang, Shiyu and Ramanan, Deva},
    title={Expecting the Unexpected: Training Detectors for Unusual Pedestrians With Adversarial Imposters},
    booktitle={The IEEE Conference on Computer Vision and Pattern Recognition (CVPR)},
    year={2017}
}

% applications
@inproceedings{escorcia2016daps,
    title={Daps: Deep action proposals for action understanding},
    author={Escorcia, Victor and Heilbron, Fabian Caba and Niebles, Juan Carlos and Ghanem, Bernard},
    booktitle={European Conference on Computer Vision},
    year={2016},
}
@inproceedings{he2016deep,
    title={Deep residual learning for image recognition},
    author={He, Kaiming and Zhang, Xiangyu and Ren, Shaoqing and Sun, Jian},
    booktitle={Proceedings of the IEEE conference on computer vision and pattern recognition},
    year={2016}
}
@inproceedings{long2015fully,
    title={Fully convolutional networks for semantic segmentation},
    author={Long, Jonathan and Shelhamer, Evan and Darrell, Trevor},
    booktitle={Proceedings of the IEEE conference on computer vision and pattern recognition},
    year={2015}
}
@inproceedings{tran2015learning,
    title={Learning spatiotemporal features with 3d convolutional networks},
    author={Tran, Du and Bourdev, Lubomir and Fergus, Rob and Torresani, Lorenzo and Paluri, Manohar},
    booktitle={Computer Vision (ICCV), 2015 IEEE International Conference on},
    year={2015},
    organization={IEEE}
}
@article{hinton2012deep,
    title={Deep neural networks for acoustic modeling in speech recognition: The shared views of four research groups},
    author={Hinton, Geoffrey and Deng, Li and Yu, Dong and Dahl, George E and Mohamed, Abdel-rahman and Jaitly, Navdeep and Senior, Andrew and Vanhoucke, Vincent and Nguyen, Patrick and Sainath, Tara N and others},
    journal={IEEE Signal Processing Magazine},
    year={2012},
    publisher={IEEE}
}
@article{angermueller2016deep,
  title={Deep learning for computational biology},
  author={Angermueller, Christof and P{\"a}rnamaa, Tanel and Parts, Leopold and Stegle, Oliver},
  journal={Molecular systems biology},
  year={2016},
  publisher={EMBO Press}
}
@inproceedings{oh2017adversarial,
    author={Joon Oh, Seong and Fritz, Mario and Schiele, Bernt},
    title={Adversarial Image Perturbation for Privacy Protection -- A Game Theory Perspective},
    booktitle={The IEEE International Conference on Computer Vision (ICCV)},
    year={2017}
}

% security
@inproceedings{dalvi2004adversarial,
    author={Dalvi, Nilesh and Domingos, Pedro and Mausam and Sanghai, Sumit and Verma, Deepak},
    title={Adversarial Classification},
    booktitle={Proceedings of the Tenth ACM SIGKDD International Conference on Knowledge Discovery and Data Mining},
    year={2004}
} 

@article{ng1969table,
  title={A table of integrals of the error functions},
  author={Ng, Edward W and Geller, Murray},
  journal={Journal of Research of the National Bureau of Standards B},
  year={1969}
}


@inproceedings{huang2011adversarial,
    author={Huang, Ling and Joseph, Anthony D. and Nelson, Blaine and Rubinstein, Benjamin I.P. and Tygar, J. D.},
    title={Adversarial Machine Learning},
    booktitle={Proceedings of the 4th ACM Workshop on Security and Artificial Intelligence},
    series={AISec '11},
    year={2011}
}
@inproceedings{papernot2016limitations,
    title={The limitations of deep learning in adversarial settings},
    author={Papernot, Nicolas and McDaniel, Patrick and Jha, Somesh and Fredrikson, Matt and Celik, Z Berkay and Swami, Ananthram},
    booktitle={Security and Privacy (EuroS\&P), 2016 IEEE European Symposium on},
    year={2016},
    organization={IEEE}
}
@article{papernot2016towards,
    title={Towards the science of security and privacy in machine learning},
    author={Papernot, Nicolas and McDaniel, Patrick and Sinha, Arunesh and Wellman, Michael},
    journal={arXiv preprint arXiv:1611.03814},
    year={2016}
}

% intriguing properties
@inproceedings{szegedy2013intriguing,
    title={Intriguing properties of neural networks},
    author ={Christian Szegedy and Wojciech Zaremba and Ilya Sutskever and Joan Bruna and Dumitru Erhan and Ian Goodfellow and Rob Fergus},
    year ={2014},
    booktitle={International Conference on Learning Representations}
}
@inproceedings{nguyen2015deep,
    title={Deep neural networks are easily fooled: High confidence predictions for unrecognizable images},
    author={Nguyen, Anh and Yosinski, Jason and Clune, Jeff},
    booktitle={Proceedings of the IEEE Conference on Computer Vision and Pattern Recognition},
    year={2015}
}
@article{elsayed2018adversarial,
    title={Adversarial Examples that Fool both Human and Computer Vision},
    author={Elsayed, Gamaleldin F and Shankar, Shreya and Cheung, Brian and Papernot, Nicolas and Kurakin, Alex and Goodfellow, Ian and Sohl-Dickstein, Jascha},
    journal={arXiv preprint arXiv:1802.08195},
    year={2018}
}

%AlexNet
@inproceedings{krizhevsky2012imagenet,
  title={Imagenet classification with deep convolutional neural networks},
  author={Krizhevsky, Alex and Sutskever, Ilya and Hinton, Geoffrey E},
  booktitle={Advances in neural information processing systems},
  year={2012}
}

% distilling the knowledge
@article{hinton2015distilling,
    title={Distilling the knowledge in a neural network},
    author={Hinton, Geoffrey and Vinyals, Oriol and Dean, Jeff},
    journal={arXiv preprint arXiv:1503.02531},
    year={2015}
}
@article{hornik1989multilayer,
    title={Multilayer feedforward networks are universal approximators},
    author={Hornik, Kurt and Stinchcombe, Maxwell and White, Halbert},
    journal={Neural networks},
    year={1989},
}


% understanding adversarial examples
@article{goodfellow2014explaining,
    title={Explaining and Harnessing Adversarial Examples},
    author={Ian J. Goodfellow and Jonathon Shlens and Christian Szegedy},
    journal={CoRR},
    year={2014},
}
@inproceedings{unn-robustness-noise1,
    title={Robustness of classifiers: from adversarial to random noise},
    author={Fawzi, Alhussein and Moosavi-Dezfooli, Seyed-Mohsen and Frossard, Pascal},
    booktitle={Advances in Neural Information Processing Systems},
    year={2016}
}
@article{Fawzi2017ClassificationRO,
    title={Classification regions of deep neural networks},
    author={Alhussein Fawzi and Seyed-Mohsen Moosavi-Dezfooli and Pascal Frossard and Stefano Soatto},
    journal={CoRR},
    year={2017},
}
@article{unn-robustness-geometry,
    title={The Robustness of Deep Networks - A geometric perspective},
    author={Fawzi, Alhussein and Moosavi Dezfooli, Seyed Mohsen and  Frossard, Pascal},
    publisher={Institute of Electrical and Electronics Engineers},
    journal={IEEE Signal Processing Magazine},
    year={2017}
}
@article{Fawzi2018,
    author="Fawzi, Alhussein
    and Fawzi, Omar
    and Frossard, Pascal",
    title="Analysis of classifiers' robustness to adversarial perturbations",
    journal="Machine Learning",
    year="2018",
}
@article{gilmer2018adversarial,
    title={Adversarial Spheres},
    author={Gilmer, Justin and Metz, Luke and Faghri, Fartash and Schoenholz, Samuel S and Raghu, Maithra and Wattenberg, Martin and Goodfellow, Ian},
    journal={arXiv preprint arXiv:1801.02774},
    year={2018}
}
@article{Jean2018,
  author={Jean{-}Yves Franceschi and Alhussein Fawzi and Omar Fawzi},
  title={Robustness of classifiers to uniform $\ell_p$ and Gaussian noise},
  journal={CoRR},
  volume={abs/1802.07971},
  year={2018},
  url={http://arxiv.org/abs/1802.07971},
  archivePrefix={arXiv},
  eprint={1802.07971},
  timestamp={Mon, 13 Aug 2018 16:46:58 +0200},
  biburl={https://dblp.org/rec/bib/journals/corr/abs-1802-07971},
  bibsource={dblp computer science bibliography, https://dblp.org}
}

% adversarial example in the physical world
@article{kurakin2016adversarial,
    title={Adversarial examples in the physical world},
    author={Kurakin, Alexey and Goodfellow, Ian and Bengio, Samy},
    journal={arXiv preprint arXiv:1607.02533},
    year={2016}
}
@article{evtimov2017robust,
    title={Robust Physical-World Attacks on Deep Learning Models},
    author={Evtimov, Ivan and Eykholt, Kevin and Fernandes, Earlence and Kohno, Tadayoshi and Li, Bo and Prakash, Atul and Rahmati, Amir and Song, Dawn},
    journal={arXiv preprint arXiv:1707.08945},
    volume={1},
    year={2017}
}

% adversarial attacks for other than classification
@article{huang2017adversarial,
    title={Adversarial attacks on neural network policies},
    author={Huang, Sandy and Papernot, Nicolas and Goodfellow, Ian and Duan, Yan and Abbeel, Pieter},
    journal={arXiv preprint arXiv:1702.02284},
    year={2017}
}
@inproceedings{behzadan2017vulnerability,
    title={Vulnerability of deep reinforcement learning to policy induction attacks},
    author={Behzadan, Vahid and Munir, Arslan},
    booktitle={International Conference on Machine Learning and Data Mining in Pattern Recognition},
    year={2017},
    organization={Springer}
}
@inproceedings{Xie_2017_ICCV,
    author={Xie, Cihang and Wang, Jianyu and Zhang, Zhishuai and Zhou, Yuyin and Xie, Lingxi and Yuille, Alan},
    title={Adversarial Examples for Semantic Segmentation and Object Detection},
    booktitle={The IEEE International Conference on Computer Vision (ICCV)},
    year={2017}
}

% adversarial attacks transferability
@article{tramer2017space,
    title={The Space of Transferable Adversarial Examples},
    author={Florian Tramèr and Nicolas Papernot and Ian Goodfellow and Dan Boneh and Patrick McDaniel},
    year={2017},
    URL={https://arxiv.org/abs/1704.03453},
    journal={arXiv}
}
@inproceedings{unn-universal,
    author={Moosavi-Dezfooli, Seyed-Mohsen and Fawzi, Alhussein and Fawzi, Omar and Frossard, Pascal},
    title={Universal Adversarial Perturbations},
    booktitle={The IEEE Conference on Computer Vision and Pattern Recognition (CVPR)},
    year={2017}
}
@inproceedings{Metzen_2017_ICCV,
    author={Hendrik Metzen, Jan and Chaithanya Kumar, Mummadi and Brox, Thomas and Fischer, Volker},
    title={Universal Adversarial Perturbations Against Semantic Image Segmentation},
    booktitle={The IEEE International Conference on Computer Vision (ICCV)},
    year={2017}
}

% attacks
@inproceedings{moosavi2016deepfool,
    author={Moosavi-Dezfooli, Seyed-Mohsen and Fawzi, Alhussein and Frossard, Pascal},
    title={DeepFool: A Simple and Accurate Method to Fool Deep Neural Networks},
    booktitle={The IEEE Conference on Computer Vision and Pattern Recognition (CVPR)},
    year={2016}
}
@article{papernot2017cleverhans,
    title={cleverhans v2.0.0: an adversarial machine learning library},
    author={Nicolas Papernot
    and Nicholas Carlini
    and Ian Goodfellow
    and Reuben Feinman
    and Fartash Faghri
    and Alexander Matyasko
    and Karen Hambardzumyan
    and Yi-Lin Juang
    and Alexey Kurakin
    and Ryan Sheatsley
    and Abhibhav Garg
    and Yen-Chen Lin},
    journal={arXiv preprint arXiv:1610.00768},
    year={2017}
}
@article{rauber2017foolbox,
    title={Foolbox v0.8.0: A Python toolbox to benchmark the robustness of machine learning models},
    author={Rauber, Jonas and Brendel, Wieland and Bethge, Matthias},
    journal={arXiv preprint arXiv:1707.04131},
    year={2017},
    url={http://arxiv.org/abs/1707.04131},
    archivePrefix={arXiv},
    eprint={1707.04131},
}
@inproceedings{carlini2017towards,
    title={Towards evaluating the robustness of neural networks},
    author={Carlini, Nicholas and Wagner, David},
    booktitle={Security and Privacy (SP), 2017 IEEE Symposium on},
    year={2017},
    organization={IEEE}
}
@article{yuan2017adversarial,
    title={Adversarial Examples: Attacks and Defenses for Deep Learning},
    author={Yuan, Xiaoyong and He, Pan and Zhu, Qile and Bhat, Rajendra Rana and Li, Xiaolin},
    journal={arXiv preprint arXiv:1712.07107},
    year={2017}
}
@article{su2017one,
    title={One pixel attack for fooling deep neural networks},
    author={Su, Jiawei and Vargas, Danilo Vasconcellos and Kouichi, Sakurai},
    journal={arXiv preprint arXiv:1710.08864},
    year={2017}
}


% defenses
@inproceedings{makhzani2015adversarial,
    title={Adversarial Autoencoders},
    author ={Alireza Makhzani and Jonathon Shlens and Navdeep Jaitly and Ian Goodfellow},
    year ={2016},
    URL={http://arxiv.org/abs/1511.05644},
    booktitle={International Conference on Learning Representations}
}
@inproceedings{papernot2016distillation,
    title={Distillation as a defense to adversarial perturbations against deep neural networks},
    author={Papernot, Nicolas and McDaniel, Patrick and Wu, Xi and Jha, Somesh and Swami, Ananthram},
    booktitle={Security and Privacy (SP), 2016 IEEE Symposium on},
    year={2016},
    organization={IEEE}
}
@inproceedings{li2016adversarial,
    author={Li, Xin and Li, Fuxin},
    title={Adversarial Examples Detection in Deep Networks With Convolutional Filter Statistics},
    booktitle={The IEEE International Conference on Computer Vision (ICCV)},
    year={2017}
}
@article{feinman2017detecting,
    title={Detecting adversarial samples from artifacts},
    author={Feinman, Reuben and Curtin, Ryan R and Shintre, Saurabh and Gardner, Andrew B},
    journal={arXiv preprint arXiv:1703.00410},
    year={2017}
}
@article{grosse2017statistical,
    title={On the (statistical) detection of adversarial examples},
    author={Grosse, Kathrin and Manoharan, Praveen and Papernot, Nicolas and Backes, Michael and McDaniel, Patrick},
    journal={arXiv preprint arXiv:1702.06280},
    year={2017}
}
@article{dziugaite2016study,
    title={A study of the effect of jpg compression on adversarial images},
    author={Dziugaite, Gintare Karolina and Ghahramani, Zoubin and Roy, Daniel M},
    journal={arXiv preprint arXiv:1608.00853},
    year={2016}
}
@inproceedings{cisse2017parseval,
    title={Parseval networks: Improving robustness to adversarial examples},
    author={Cisse, Moustapha and Bojanowski, Piotr and Grave, Edouard and Dauphin, Yann and Usunier, Nicolas},
    booktitle={International Conference on Machine Learning},
    year={2017}
}
@inproceedings{lu2017safetynet,
    author={Lu, Jiajun and Issaranon, Theerasit and Forsyth, David},
    title={SafetyNet: Detecting and Rejecting Adversarial Examples Robustly},
    booktitle={The IEEE International Conference on Computer Vision (ICCV)},
    year={2017}
}
@article{das2017keeping,
    title={Keeping the bad guys out: Protecting and vaccinating deep learning with jpeg compression},
    author={Das, Nilaksh and Shanbhogue, Madhuri and Chen, Shang-Tse and Hohman, Fred and Chen, Li and Kounavis, Michael E and Chau, Duen Horng},
    journal={arXiv preprint arXiv:1705.02900},
    year={2017}
}
@article{shazeer2017outrageously,
    title={Outrageously large neural networks: The sparsely-gated mixture-of-experts layer},
    author={Shazeer, Noam and Mirhoseini, Azalia and Maziarz, Krzysztof and Davis, Andy and Le, Quoc and Hinton, Geoffrey and Dean, Jeff},
    journal={arXiv preprint arXiv:1701.06538},
    year={2017}
}
@article{gu2014towards,
    title={Towards deep neural network architectures robust to adversarial examples},
    author={Gu, Shixiang and Rigazio, Luca},
    journal={arXiv preprint arXiv:1412.5068},
    year={2014}
}
@inproceedings{zantedeschi2017efficient,
    title={Efficient defenses against adversarial attacks},
    author={Zantedeschi, Valentina and Nicolae, Maria-Irina and Rawat, Ambrish},
    booktitle={Proceedings of the 10th ACM Workshop on Artificial Intelligence and Security},
    year={2017},
    organization={ACM}
}
@inproceedings{Zhu_2016_CVPR,
    author={Zhu, Fengyuan and Chen, Guangyong and Heng, Pheng-Ann},
    title={From Noise Modeling to Blind Image Denoising},
    booktitle={The IEEE Conference on Computer Vision and Pattern Recognition (CVPR)},
    year={2016}
}

% rebuttal
@inproceedings{weiss2007makes,
  title={What makes a good model of natural images?},
  author={Weiss, Yair and Freeman, William T},
  booktitle={The IEEE Conference on Computer Vision and Pattern Recognition (CVPR)},
  year={2007},
}

% Roth paper
@inproceedings{gast2018lightweight,
  title={Lightweight Probabilistic Deep Networks},
  author={Gast, Jochen and Roth, Stefan},
  booktitle={Proceedings of the IEEE Conference on Computer Vision and Pattern Recognition},
  year={2018}
}
% gefss work
@article{frey1999variational,
  title={Variational learning in nonlinear Gaussian belief networks},
  author={Frey, Brendan J and Hinton, Geoffrey E},
  journal={Neural Computation},
  year={1999}
}

@inproceedings{unn-visual1,
  title={Inverting visual representations with convolutional networks},
  author={Dosovitskiy, Alexey and Brox, Thomas},
  booktitle={Proceedings of the IEEE Conference on Computer Vision and Pattern Recognition},
  pages={4829--4837},
  year={2016}
}

@inproceedings{unn-visual3,
  title={Hoggles: Visualizing object detection features},
  author={Vondrick, Carl and Khosla, Aditya and Malisiewicz, Tomasz and Torralba, Antonio},
  booktitle={Proceedings of the IEEE International Conference on Computer Vision},
  pages={1--8},
  year={2013}
}

@inproceedings{unn-robustness-measure,
  title={Measuring the effect of nuisance variables on classifiers},
  author={Alhussein Fawzi and Pascal Frossard},
  booktitle={BMVC},
  year={2016}
}

%deep networks applications
@inproceedings{chicco2014deep,
  title={Deep autoencoder neural networks for gene ontology annotation predictions},
  author={Chicco, Davide and Sadowski, Peter and Baldi, Pierre},
  booktitle={Proceedings of the 5th ACM Conference on Bioinformatics, Computational Biology, and Health Informatics},
  pages={533--540},
  year={2014},
  organization={ACM}
}
@inproceedings{he2016deep,
  title={Deep residual learning for image recognition},
  author={He, Kaiming and Zhang, Xiangyu and Ren, Shaoqing and Sun, Jian},
  booktitle={Proceedings of the IEEE conference on computer vision and pattern recognition},
  pages={770--778},
  year={2016}
}
@article{hinton2012deep,
  title={Deep neural networks for acoustic modeling in speech recognition: The shared views of four research groups},
  author={Hinton, Geoffrey and Deng, Li and Yu, Dong and Dahl, George E and Mohamed, Abdel-rahman and Jaitly, Navdeep and Senior, Andrew and Vanhoucke, Vincent and Nguyen, Patrick and Sainath, Tara N and others},
  journal={IEEE Signal Processing Magazine},
  volume={29},
  number={6},
  pages={82--97},
  year={2012},
  publisher={IEEE}
}
@inproceedings{long2015fully,
  title={Fully convolutional networks for semantic segmentation},
  author={Long, Jonathan and Shelhamer, Evan and Darrell, Trevor},
  booktitle={Proceedings of the IEEE Conference on Computer Vision and Pattern Recognition},
  pages={3431--3440},
  year={2015}
}
@inproceedings{kiros2015skip,
  title={Skip-thought vectors},
  author={Kiros, Ryan and Zhu, Yukun and Salakhutdinov, Ruslan R and Zemel, Richard and Urtasun, Raquel and Torralba, Antonio and Fidler, Sanja},
  booktitle={Advances in neural information processing systems},
  pages={3294--3302},
  year={2015}
}
@inproceedings{escorcia2016daps,
  title={Daps: Deep action proposals for action understanding},
  author={Escorcia, Victor and Heilbron, Fabian Caba and Niebles, Juan Carlos and Ghanem, Bernard},
  booktitle={European Conference on Computer Vision},
  pages={768--784},
  year={2016},
  organization={Springer}
}
@inproceedings{krizhevsky2012imagenet,
  title={Imagenet classification with deep convolutional neural networks},
  author={Krizhevsky, Alex and Sutskever, Ilya and Hinton, Geoffrey E},
  booktitle={Advances in neural information processing systems},
  pages={1097--1105},
  year={2012}
}
@article{simonyan2014very,
  title={Very deep convolutional networks for large-scale image recognition},
  author={Simonyan, Karen and Zisserman, Andrew},
  journal={arXiv preprint arXiv:1409.1556},
  year={2014}
}
@inproceedings{tran2015learning,
  title={Learning spatiotemporal features with 3d convolutional networks},
  author={Tran, Du and Bourdev, Lubomir and Fergus, Rob and Torresani, Lorenzo and Paluri, Manohar},
  booktitle={Proceedings of the IEEE international conference on computer vision},
  pages={4489--4497},
  year={2015}
}
%%understanding deep neural nets
@article{montavon2017methods,
  title={Methods for interpreting and understanding deep neural networks},
  author={Montavon, Gr{\'e}goire and Samek, Wojciech and M{\"u}ller, Klaus-Robert},
  journal={Digital Signal Processing},
  year={2017},
  publisher={Elsevier}
}
@article{bakry2016digging,
  title={Digging deep into the layers of cnns: In search of how cnns achieve view invariance},
  author={Bakry, Amr and Elhoseiny, Mohamed and El-Gaaly, Tarek and Elgammal, Ahmed},
  booktitle={Proceedings of the International Conference on Learning Representations (ICLR},
  year={2016}
}
@article{soatto2014visual,
  title={Visual representations: Defining properties and deep approximations},
  author={Soatto, Stefano and Chiuso, Alessandro},
  journal={arXiv preprint arXiv:1411.7676},
  year={2014}
}
@inproceedings{mahendran2015understanding,
  title={Understanding deep image representations by inverting them},
  author={Mahendran, Aravindh and Vedaldi, Andrea},
  booktitle={Proceedings of the IEEE conference on computer vision and pattern recognition},
  pages={5188--5196},
  year={2015}
}
@inproceedings{dosovitskiy2016inverting,
  title={Inverting visual representations with convolutional networks},
  author={Dosovitskiy, Alexey and Brox, Thomas},
  booktitle={Proceedings of the IEEE Conference on Computer Vision and Pattern Recognition},
  pages={4829--4837},
  year={2016}
}
%Analyzing networks with noise
@article{unn-robustness-noise3,
  title={Training with noise is equivalent to Tikhonov regularization},
  author={Bishop, Chris M},
  journal={Training},
  volume={7},
  number={1},
  year={2008},
  publisher={MIT Press}
}
@misc{luo2014deep,
  title={Deep learning with noise},
  author={Luo, Yixin and Yang, Fan},
  year={2014}
}
@article{unn-robustness-noise4,
  title={Noise injection: Theoretical prospects},
  author={Grandvalet, Yves and Canu, St{\'e}phane and Boucheron, St{\'e}phane},
  journal={Neural Computation},
  volume={9},
  number={5},
  pages={1093--1108},
  year={1997},
  publisher={MIT Press}
}
@article{unn-robustness-noise2,
  title={The effects of adding noise during backpropagation training on a generalization performance},
  author={An, Guozhong},
  journal={Neural computation},
  volume={8},
  number={3},
  pages={643--674},
  year={1996},
  publisher={MIT Press}
}
@article{lecun1998mnist,
  title={The MNIST database of handwritten digits},
  author={LeCun, Yann},
  journal={http://yann. lecun. com/exdb/mnist/},
  year={1998}
}
@article{lecun1999object,
  title={Object recognition with gradient-based learning},
  author={LeCun, Yann and Haffner, Patrick and Bottou, L{\'e}on and Bengio, Yoshua},
  journal={Shape, contour and grouping in computer vision},
  pages={823--823},
  year={1999},
  publisher={Springer}
}
%% adverserial network
@article{unn-robustness-noise5,
  title={Intriguing properties of neural networks},
  author={Szegedy, Christian and Zaremba, Wojciech and Sutskever, Ilya and Bruna, Joan and Erhan, Dumitru and Goodfellow, Ian and Fergus, Rob},
  booktitle={Proceedings of the International Conference on Learning Representations (ICLR},
  journal={ICLR},
  year={2013}
}
@article{goodfellow2014explaining,
  title={Explaining and harnessing adversarial examples},
  author={Goodfellow, Ian J and Shlens, Jonathon and Szegedy, Christian},
  journal={arXiv preprint arXiv:1412.6572},
  year={2014}
}
@article{moosavi2016universal,
  title={Universal adversarial perturbations},
  author={Moosavi-Dezfooli, Seyed-Mohsen and Fawzi, Alhussein and Fawzi, Omar and Frossard, Pascal},
  journal={arXiv preprint arXiv:1610.08401},
  year={2016}
}
@article{su2017one,
  title={One pixel attack for fooling deep neural networks},
  author={Su, Jiawei and Vargas, Danilo Vasconcellos and Kouichi, Sakurai},
  journal={arXiv preprint arXiv:1710.08864},
  year={2017}
}
%% robustness analysis
@inproceedings{fawzi2016robustness,
  title={Robustness of classifiers: from adversarial to random noise},
  author={Fawzi, Alhussein and Moosavi-Dezfooli, Seyed-Mohsen and Frossard, Pascal},
  booktitle={Advances in Neural Information Processing Systems},
  pages={1632--1640},
  year={2016}
}
@inproceedings{fawzi2016measuring,
  title={Measuring the effect of nuisance variables on classifiers},
  author={Fawzi, Alhussein and Frossard, Pascal},
  booktitle={British Machine Vision Conference (BMVC)},
  number={EPFL-CONF-220613},
  year={2016}
}
@techreport{fawzi2017geometric,
  title={A geometric perspective on the robustness of deep networks},
  author={Fawzi, Alhussein and Moosavi Dezfooli, Seyed Mohsen and Frossard, Pascal},
  year={2017},
  institution={Institute of Electrical and Electronics Engineers}
}
@inproceedings{fawzi2016adaptive,
  title={Adaptive data augmentation for image classification},
  author={Fawzi, Alhussein and Samulowitz, Horst and Turaga, Deepak and Frossard, Pascal},
  booktitle={Image Processing (ICIP), 2016 IEEE International Conference on},
  pages={3688--3692},
  year={2016},
  organization={Ieee}
}
@inproceedings{moosavi2016deepfool,
  title={Deepfool: a simple and accurate method to fool deep neural networks},
  author={Moosavi-Dezfooli, Seyed-Mohsen and Fawzi, Alhussein and Frossard, Pascal},
  booktitle={Proceedings of the IEEE Conference on Computer Vision and Pattern Recognition},
  pages={2574--2582},
  year={2016}
}
@inproceedings{fawzi2015manitest,
  title={Manitest: Are classifiers really invariant?},
  author={Fawzi, Alhussein and Frossard, Pascal},
  booktitle={British Machine Vision Conference (BMVC)},
  number={EPFL-CONF-210209},
  year={2015}
}
@article{wang2016theoretical,
  title={A Theoretical Framework for Robustness of (Deep) Classifiers against Adversarial Samples},
  author={Wang, Beilun and Gao, Ji and Qi, Yanjun},
  year={2016}
}
@article{sabour2015adversarial,
  title={Adversarial manipulation of deep representations},
  author={Sabour, Sara and Cao, Yanshuai and Faghri, Fartash and Fleet, David J},
  journal={arXiv preprint arXiv:1511.05122},
  year={2015}
}
@article{montavon2017explaining,
  title={Explaining nonlinear classification decisions with deep taylor decomposition},
  author={Montavon, Gr{\'e}goire and Lapuschkin, Sebastian and Binder, Alexander and Samek, Wojciech and M{\"u}ller, Klaus-Robert},
  journal={Pattern Recognition},
  volume={65},
  pages={211--222},
  year={2017},
  publisher={Elsevier}
}
@article{gu2014towards,
  title={Towards deep neural network architectures robust to adversarial examples},
  author={Gu, Shixiang and Rigazio, Luca},
  journal={arXiv preprint arXiv:1412.5068},
  year={2014}
}
@inproceedings{nguyen2015deep,
  title={Deep neural networks are easily fooled: High confidence predictions for unrecognizable images},
  author={Nguyen, Anh and Yosinski, Jason and Clune, Jeff},
  booktitle={Proceedings of the IEEE Conference on Computer Vision and Pattern Recognition},
  pages={427--436},
  year={2015}
}
@inproceedings{vondrick2013hoggles,
  title={Hoggles: Visualizing object detection features},
  author={Vondrick, Carl and Khosla, Aditya and Malisiewicz, Tomasz and Torralba, Antonio},
  booktitle={Proceedings of the IEEE International Conference on Computer Vision},
  pages={1--8},
  year={2013}
}
%%%% Price's stuff
@article{price1958useful,
  title={A useful theorem for nonlinear devices having Gaussian inputs},
  author={Price, Robert},
  journal={IRE Transactions on Information Theory},
  volume={4},
  number={2},
  pages={69--72},
  year={1958},
  publisher={IEEE}
}
@article{mcmahon1964extension,
  title={An extension of Price's theorem (Corresp.)},
  author={McMahon, E},
  journal={IEEE Transactions on Information Theory},
  volume={10},
  number={2},
  pages={168--168},
  year={1964},
  publisher={IEEE}
}
@inproceedings{van1999nonlinear,
  title={Nonlinear statistical signal processing: Useful theorems and their application.},
  author={van den Bos, Adriaan}
}
@article{papoulis1965probability,
  title={Probability, random variables, and stochastic processes},
  author={Papoulis, Athanasios},
  year={1965},
  publisher={McGraw-Hill},
  pages = {161}
}
@inproceedings{deng2009imagenet,
  title={Imagenet: A large-scale hierarchical image database},
  author={Deng, Jia and Dong, Wei and Socher, Richard and Li, Li-Jia and Li, Kai and Fei-Fei, Li},
  booktitle={Computer Vision and Pattern Recognition, 2009. CVPR 2009. IEEE Conference on},
  pages={248--255},
  year={2009},
  organization={IEEE}
}

@article{attack-single-pixel,
  title={One pixel attack for fooling deep neural networks},
  author={Su, Jiawei and Vargas, Danilo Vasconcellos and Sakurai, Kouichi},
  journal={IEEE Transactions on Evolutionary Computation},
  year={2019},
  publisher={IEEE}
}

@book{opengl,
  title={OpenGL Programming Guide: The Official Guide to Learning OpenGL, Release 1},
  author={Woo, Mason and Neider, Jackie and Davis, Tom and Shreiner, Dave},
  year={1998},
  publisher={Addison-wesley}
}
@article{variational-bays,
  title={Auto-encoding variational bayes},
  author={Kingma, Diederik P and Welling, Max},
  journal={arXiv preprint arXiv:1312.6114},
  year={2013}
}

@inproceedings{vig-shape-category,
  title={Learning category-specific mesh reconstruction from image collections},
  author={Kanazawa, Angjoo and Tulsiani, Shubham and Efros, Alexei A and Malik, Jitendra},
  booktitle={Proceedings of the European Conference on Computer Vision (ECCV)},
  pages={371--386},
  year={2018}
}

@book{Boyd,
 author = {Boyd, Stephen and Vandenberghe, Lieven},
 title = {Convex Optimization},
 year = {2004},
 isbn = {0521833787},
 publisher = {Cambridge University Press},
 address = {New York, NY, USA},
} 
[download]

@article{sada,
  author    = {Abdullah Hamdi and
               Matthias M{\"{u}}ller and
               Bernard Ghanem},
  title     = {{SADA:} Semantic Adversarial Diagnostic Attacks for Autonomous Applications},
  journal   = {CoRR},
  volume    = {abs/1812.02132},
  year      = {2018},
  url       = {http://arxiv.org/abs/1812.02132},
  archivePrefix = {arXiv},
  eprint    = {1812.02132},
  timestamp = {Tue, 01 Jan 2019 15:01:25 +0100},
  biburl    = {https://dblp.org/rec/bib/journals/corr/abs-1812-02132},
  bibsource = {dblp computer science bibliography, https://dblp.org}
}

@inproceedings{ioc,
  title={Autoloc: weakly-supervised temporal action localization in untrimmed videos},
  author={Shou, Zheng and Gao, Hang and Zhang, Lei and Miyazawa, Kazuyuki and Chang, Shih-Fu},
  booktitle={Proceedings of the European Conference on Computer Vision (ECCV)},
  pages={154--171},
  year={2018}
}

@Article{dinckl,
author="R{\'o}denas, Ricardo G.
and L{\'o}pez, M. Luz
and Verastegui, Doroteo",
title="Extensions of Dinkelbach's algorithm for solving non-linear fractional programming problems",
journal="Top",
year="1999",
month="Jun",
day="01",
volume="7",
number="1",
pages="33--70",
abstract="Dinkelbach's algorithm was developed to solve convex fractinal programming. This method achieves the optimal solution of the optimisation problem by means of solving a sequence of non-linear convex programming subproblems defined by a parameter.",
issn="1863-8279",
doi="10.1007/BF02564711",
url="https://doi.org/10.1007/BF02564711"
}

@article{numerical,
author={Stroud,A. H.},
year={1976},
month={07},
title={Methods of Numerical Integration (Philip J. Davis and Philip Rabinowitz)},
journal={SIAM Review},
volume={18},
number={3},
pages={528-2},
note={Copyright - Copyright] 1976 Society for Industrial and Applied Mathematics; Last updated - 2012-03-05; CODEN - SIREAD},
keywords={Technology: Comprehensive Works},
isbn={00361445},
language={English},
url={https://libproxy.kaust.edu.sa/login?url=https://search.proquest.com/docview/926190984?accountid=78788},
}

@inproceedings{info-lense,
title={On the Information Bottleneck Theory of Deep Learning},
author={Andrew Michael Saxe and Yamini Bansal and Joel Dapello and Madhu Advani and Artemy Kolchinsky and Brendan Daniel Tracey and David Daniel Cox},
booktitle={International Conference on Learning Representations},
year={2018},
url={https://openreview.net/forum?id=ry_WPG-A-},
}

@article{resnet,
  author    = {Kaiming He and
               Xiangyu Zhang and
               Shaoqing Ren and
               Jian Sun},
  title     = {Deep Residual Learning for Image Recognition},
  journal   = {CoRR},
  volume    = {abs/1512.03385},
  year      = {2015},
  url       = {http://arxiv.org/abs/1512.03385},
  archivePrefix = {arXiv},
  eprint    = {1512.03385},
  timestamp = {Mon, 13 Aug 2018 16:46:56 +0200},
  biburl    = {https://dblp.org/rec/bib/journals/corr/HeZRS15},
  bibsource = {dblp computer science bibliography, https://dblp.org}
}
@article{vgg,
  title={Very deep convolutional networks for large-scale image recognition},
  author={Simonyan, Karen and Zisserman, Andrew},
  journal={arXiv preprint arXiv:1409.1556},
  year={2014}
}

@inproceedings{inception,
  title={Rethinking the inception architecture for computer vision},
  author={Szegedy, Christian and Vanhoucke, Vincent and Ioffe, Sergey and Shlens, Jon and Wojna, Zbigniew},
  booktitle={Proceedings of the IEEE conference on computer vision and pattern recognition},
  pages={2818--2826},
  year={2016}
}

@inproceedings{jnb,
  title={Jupyter Notebooks-a publishing format for reproducible computational workflows.},
  author={Kluyver, Thomas and Ragan-Kelley, Benjamin and P{\'e}rez, Fernando and Granger, Brian E and Bussonnier, Matthias and Frederic, Jonathan and Kelley, Kyle and Hamrick, Jessica B and Grout, Jason and Corlay, Sylvain and others},
  booktitle={ELPUB},
  pages={87--90},
  year={2016}
}
@book{think,
  address = {New York},
  author = {Kahneman, Daniel},
  biburl = {https://www.bibsonomy.org/bibtex/2f322864169411fd5914f3fa5488e288c/schmidt2},
  description = {Thinking, Fast and Slow: Amazon.de: Daniel Kahneman: Englische Bücher},
  interhash = {a1400a299a00de009ec8eda73e6289af},
  intrahash = {f322864169411fd5914f3fa5488e288c},
  isbn = {9780374275631 0374275637},
  keywords = {bib books psychology thinking toread},
  publisher = {Farrar, Straus and Giroux},
  refid = {706020998},
  timestamp = {2013-01-10T15:41:11.000+0100},
  title = {Thinking, fast and slow},
  url = {https://www.amazon.de/Thinking-Fast-Slow-Daniel-Kahneman/dp/0374275637/ref=wl_it_dp_o_pdT1_nS_nC?ie=UTF8&colid=151193SNGKJT9&coliid=I3OCESLZCVDFL7},
  year = {2011}
}

@article{strike,
  author    = {Michael A. Alcorn and
               Qi Li and
               Zhitao Gong and
               Chengfei Wang and
               Long Mai and
               Wei{-}Shinn Ku and
               Anh Nguyen},
  title     = {Strike (with) a Pose: Neural Networks Are Easily Fooled by Strange
               Poses of Familiar Objects},
  journal   = {CoRR},
  volume    = {abs/1811.11553},
  year      = {2018},
  url       = {http://arxiv.org/abs/1811.11553},
  archivePrefix = {arXiv},
  eprint    = {1811.11553},
  timestamp = {Fri, 30 Nov 2018 12:44:28 +0100},
  biburl    = {https://dblp.org/rec/bib/journals/corr/abs-1811-11553},
  bibsource = {dblp computer science bibliography, https://dblp.org}
}